PACKET_COUNT,TEAM_ID,MISSION_TIME,MODE,STATE,ALTITUDE,TEMPERATURE,PRESSURE,VOLTAGE,CURRENT,GYRO_R,GYRO_P,GYRO_Y,ACCEL_R,ACCEL_P,ACCEL_Y,HEADING,GPS_TIME,GPS_ALTITUDE,GPS_LATITUDE,GPS_LONGITUDE,GPS_SATS,CMD_ECHO,MAX_ALTITUDE,CONTAINER_RELEASED,PAYLOAD_RELEASED,PARAGLIDER_ACTIVE,TARGET_LATITUDE,TARGET_LONGITUDE,CAM_DIRECTION
1,00:00:01,1,F,LAUNCH_PAD,1.8,24.8,101.0,4.1,0.1,-2.5,-0.2,2.8,9.6,1.8,0.2,135.0,18:58:46,79.500000,33.385399,-117.495560,13,N/A,1.7,FALSE,FALSE,FALSE,33.4,-117.5,-117.5
2,00:00:02,2,F,LAUNCH_PAD,1.3,24.8,101.0,4.1,0.1,-75.1,99.0,214.8,-1.8,-7.1,2.1,287.3,18:58:47,79.599998,33.385399,-117.495552,12,N/A,1.8,FALSE,FALSE,FALSE,33.4,-117.5,-117.5
3,00:00:03,3,F,LAUNCH_PAD,0.8,24.8,101.0,4.1,0.1,36.3,-0.1,3.7,-9.4,0.6,-1.4,199.8,18:58:48,79.599998,33.385395,-117.495560,12,N/A,1.8,FALSE,FALSE,FALSE,33.4,-117.5,-117.5
4,00:00:04,4,F,LAUNCH_PAD,0.4,24.8,101.0,4.1,0.1,-0.2,0.3,-0.4,-9.4,0.0,-0.8,209.1,18:58:49,79.699997,33.385391,-117.495560,14,N/A,1.8,FALSE,FALSE,FALSE,33.4,-117.5,-117.5
5,00:00:05,5,F,LAUNCH_PAD,0.6,24.8,101.0,4.1,0.1,-0.0,-0.0,0.1,-9.4,0.1,-0.5,209.0,18:58:50,79.699997,33.385387,-117.495560,14,N/A,1.8,FALSE,FALSE,FALSE,33.4,-117.5,-117.5
6,00:00:06,6,F,LAUNCH_PAD,0.1,24.8,101.0,4.1,0.1,-0.1,-0.1,0.2,-9.4,-0.1,-0.5,209.0,18:58:51,79.699997,33.385391,-117.495575,12,N/A,1.8,FALSE,FALSE,FALSE,33.4,-117.5,-117.5
7,00:00:07,7,F,LAUNCH_PAD,0.5,24.8,101.0,4.1,0.1,0.1,-0.1,0.3,-9.5,0.1,-0.6,209.0,18:58:52,79.800003,33.385387,-117.495575,12,N/A,1.8,FALSE,FALSE,FALSE,33.4,-117.5,-117.5
8,00:00:08,8,F,LAUNCH_PAD,0.9,24.8,101.0,4.1,0.1,-0.0,-0.1,-0.1,-9.4,0.0,-0.5,209.0,18:58:53,79.800003,33.385387,-117.495575,16,N/A,1.8,FALSE,FALSE,FALSE,33.4,-117.5,-117.5
9,00:00:09,9,F,LAUNCH_PAD,0.5,24.8,101.0,4.1,0.1,-0.0,0.1,0.1,-9.4,0.0,-0.6,209.0,18:58:54,79.900002,33.385384,-117.495575,16,N/A,1.8,FALSE,FALSE,FALSE,33.4,-117.5,-117.5
10,00:00:10,10,F,LAUNCH_PAD,-0.1,24.8,101.0,4.1,0.1,0.1,0.2,-0.2,-9.4,-0.1,-0.5,209.0,18:58:55,79.900002,33.385380,-117.495575,16,N/A,1.8,FALSE,FALSE,FALSE,33.4,-117.5,-117.5
11,00:00:11,11,F,LAUNCH_PAD,0.5,24.9,101.0,4.1,0.1,-0.1,-0.0,0.0,-9.4,-0.1,-0.6,209.0,18:58:56,79.900002,33.385380,-117.495575,16,N/A,1.8,FALSE,FALSE,FALSE,33.4,-117.5,-117.5
12,00:00:12,12,F,LAUNCH_PAD,0.5,24.9,101.0,4.1,0.1,0.1,-0.3,-0.2,-9.5,0.0,-0.4,209.0,18:58:57,79.900002,33.385376,-117.495575,16,N/A,1.8,FALSE,FALSE,FALSE,33.4,-117.5,-117.5
13,00:00:13,13,F,LAUNCH_PAD,0.3,24.9,101.0,4.1,0.1,0.1,0.2,0.1,-9.4,0.1,-0.4,209.0,18:58:58,80.000000,33.385376,-117.495575,16,N/A,1.8,FALSE,FALSE,FALSE,33.4,-117.5,-117.5
14,00:00:14,14,F,LAUNCH_PAD,0.8,24.9,101.0,4.1,0.1,-0.0,-0.1,0.2,-9.4,0.1,-0.6,209.0,18:58:59,80.000000,33.385372,-117.495575,15,N/A,1.8,FALSE,FALSE,FALSE,33.4,-117.5,-117.5
15,00:00:15,15,F,LAUNCH_PAD,0.2,24.9,101.0,4.1,0.1,-0.1,0.3,-0.2,-9.4,-0.1,-0.7,209.0,18:59:00,80.000000,33.385372,-117.495583,11,N/A,1.8,FALSE,FALSE,FALSE,33.4,-117.5,-117.5
16,00:00:16,16,F,LAUNCH_PAD,0.3,24.9,101.0,4.1,0.1,-0.0,-0.0,0.1,-9.5,-0.0,-0.3,209.0,18:59:01,80.000000,33.385372,-117.495575,17,N/A,1.8,FALSE,FALSE,FALSE,33.4,-117.5,-117.5
17,00:00:17,17,F,LAUNCH_PAD,-0.2,24.9,101.0,4.1,0.1,0.1,-0.0,-0.1,-9.5,-0.0,-0.5,209.0,18:59:02,80.000000,33.385372,-117.495575,17,N/A,1.8,FALSE,FALSE,FALSE,33.4,-117.5,-117.5
18,00:00:18,18,F,LAUNCH_PAD,0.3,24.9,101.0,4.1,0.1,-0.0,-0.0,-0.1,-9.5,0.0,-0.6,209.0,18:59:03,80.099998,33.385368,-117.495575,17,N/A,1.8,FALSE,FALSE,FALSE,33.4,-117.5,-117.5
19,00:00:19,19,F,LAUNCH_PAD,0.8,24.9,101.0,4.1,0.1,-0.0,0.1,-0.1,-9.5,0.0,-0.6,209.0,18:59:04,80.099998,33.385368,-117.495567,17,N/A,1.8,FALSE,FALSE,FALSE,33.4,-117.5,-117.5
20,00:00:20,20,F,LAUNCH_PAD,0.3,24.9,101.0,4.1,0.1,-0.1,0.1,0.0,-9.4,0.0,-0.5,209.0,18:59:05,80.099998,33.385372,-117.495567,17,N/A,1.8,FALSE,FALSE,FALSE,33.4,-117.5,-117.5
21,00:00:21,21,F,LAUNCH_PAD,0.2,24.9,101.0,4.1,0.1,-0.0,0.1,-0.1,-9.4,0.0,-0.6,209.0,18:59:06,80.099998,33.385372,-117.495567,17,N/A,1.8,FALSE,FALSE,FALSE,33.4,-117.5,-117.5
22,00:00:22,22,F,LAUNCH_PAD,0.4,25.0,101.0,4.1,0.1,0.1,-0.1,0.1,-9.4,0.0,-0.6,209.0,18:59:07,80.099998,33.385372,-117.495567,16,N/A,1.8,FALSE,FALSE,FALSE,33.4,-117.5,-117.5
23,00:00:23,23,F,LAUNCH_PAD,0.9,24.9,101.0,4.1,0.1,0.1,0.2,0.0,-9.4,0.0,-0.6,209.0,18:59:08,80.099998,33.385368,-117.495567,16,N/A,1.8,FALSE,FALSE,FALSE,33.4,-117.5,-117.5
24,00:00:24,24,F,LAUNCH_PAD,0.3,25.0,101.0,4.1,0.1,0.1,-0.1,-0.1,-9.4,0.0,-0.6,209.0,18:59:09,80.099998,33.385368,-117.495567,16,N/A,1.8,FALSE,FALSE,FALSE,33.4,-117.5,-117.5
25,00:00:25,25,F,LAUNCH_PAD,0.4,25.0,101.0,4.1,0.1,-0.0,0.1,0.0,-9.4,0.0,-0.6,209.0,18:59:10,80.099998,33.385368,-117.495567,16,N/A,1.8,FALSE,FALSE,FALSE,33.4,-117.5,-117.5
26,00:00:26,26,F,LAUNCH_PAD,0.6,25.0,101.0,4.1,0.1,0.1,-0.1,-0.1,-9.4,0.0,-0.5,209.0,18:59:11,80.099998,33.385368,-117.495567,16,N/A,1.8,FALSE,FALSE,FALSE,33.4,-117.5,-117.5
27,00:00:27,27,F,LAUNCH_PAD,0.1,25.0,101.0,4.1,0.1,0.1,0.1,-0.1,-9.4,0.0,-0.5,209.0,18:59:12,80.099998,33.385368,-117.495567,16,N/A,1.8,FALSE,FALSE,FALSE,33.4,-117.5,-117.5
28,00:00:28,28,F,LAUNCH_PAD,1.0,25.0,101.0,4.1,0.1,-0.0,0.1,0.1,-9.5,0.0,-0.6,209.0,18:59:13,80.099998,33.385368,-117.495567,15,N/A,1.8,FALSE,FALSE,FALSE,33.4,-117.5,-117.5
29,00:00:29,29,F,LAUNCH_PAD,0.8,25.0,101.0,4.1,0.1,-0.1,-0.1,0.0,-9.5,0.0,-0.5,209.0,18:59:14,80.099998,33.385368,-117.495567,14,N/A,1.8,FALSE,FALSE,FALSE,33.4,-117.5,-117.5
30,00:00:30,30,F,LAUNCH_PAD,0.2,25.0,101.0,4.1,0.1,-0.0,-0.0,0.1,-9.4,0.0,-0.6,209.0,18:59:15,80.099998,33.385365,-117.495567,14,N/A,1.8,FALSE,FALSE,FALSE,33.4,-117.5,-117.5
31,00:00:31,31,F,LAUNCH_PAD,0.3,25.0,101.0,4.1,0.1,-0.1,0.2,-0.1,-9.4,0.0,-0.6,209.0,18:59:16,80.099998,33.385365,-117.495567,14,N/A,1.8,FALSE,FALSE,FALSE,33.4,-117.5,-117.5
32,00:00:32,32,F,LAUNCH_PAD,0.7,25.1,101.0,4.1,0.1,-0.1,-0.0,-0.1,-9.4,0.0,-0.6,209.0,18:59:17,80.099998,33.385365,-117.495567,14,N/A,1.8,FALSE,FALSE,FALSE,33.4,-117.5,-117.5
33,00:00:33,33,F,LAUNCH_PAD,0.7,25.0,101.0,4.1,0.1,-0.0,-0.1,0.1,-9.4,0.0,-0.5,209.0,18:59:18,80.000000,33.385365,-117.495567,16,N/A,1.8,FALSE,FALSE,FALSE,33.4,-117.5,-117.5
34,00:00:34,34,F,LAUNCH_PAD,0.2,25.1,101.0,4.1,0.1,0.2,-0.0,0.2,-9.4,0.1,-0.6,209.0,18:59:19,80.000000,33.385365,-117.495560,16,N/A,1.8,FALSE,FALSE,FALSE,33.4,-117.5,-117.5
35,00:00:35,35,F,LAUNCH_PAD,0.9,25.0,101.0,4.1,0.1,-0.0,-0.0,0.5,-9.4,0.0,-0.6,209.0,18:59:20,80.000000,33.385368,-117.495003,15,N/A,1.8,FALSE,FALSE,FALSE,33.4,-117.5,-117.5
36,00:00:36,36,F,LAUNCH_PAD,0.4,25.0,101.0,4.1,0.1,0.1,-0.0,0.3,-9.4,0.1,-0.6,209.0,18:59:21,80.000000,33.385368,-117.495552,15,N/A,1.8,FALSE,FALSE,FALSE,33.4,-117.5,-117.5
37,00:00:37,37,F,LAUNCH_PAD,0.4,25.1,101.0,4.1,0.1,-0.1,0.5,0.1,-9.4,-0.1,-0.4,209.0,18:59:22,80.000000,33.385368,-117.495552,15,N/A,1.8,FALSE,FALSE,FALSE,33.4,-117.5,-117.5
38,00:00:38,38,F,LAUNCH_PAD,0.4,25.1,101.0,4.1,0.1,-0.1,0.4,-0.9,-9.5,-0.3,-0.4,209.0,18:59:23,80.000000,33.385368,-117.495552,15,N/A,1.8,FALSE,FALSE,FALSE,33.4,-117.5,-117.5
39,00:00:39,39,F,LAUNCH_PAD,0.5,25.1,101.0,4.1,0.1,-0.1,0.3,0.2,-9.4,0.1,-0.6,209.0,18:59:24,79.900002,33.385368,-117.495552,15,N/A,1.8,FALSE,FALSE,FALSE,33.4,-117.5,-117.5
40,00:00:40,40,F,LAUNCH_PAD,0.3,25.1,101.0,4.1,0.1,0.1,-0.1,-0.1,-9.4,0.1,-0.6,209.0,18:59:25,79.900002,33.385368,-117.495552,15,N/A,1.8,FALSE,FALSE,FALSE,33.4,-117.5,-117.5
41,00:00:41,41,F,LAUNCH_PAD,0.5,25.1,101.0,4.1,0.1,-0.0,-0.1,0.2,-9.4,0.1,-0.6,209.0,18:59:26,79.900002,33.385365,-117.495552,16,N/A,1.8,FALSE,FALSE,FALSE,33.4,-117.5,-117.5
42,00:00:42,42,F,LAUNCH_PAD,0.3,25.1,101.0,4.1,0.1,-0.1,-0.0,-0.1,-9.5,-0.0,-0.5,209.0,18:59:27,79.900002,33.385365,-117.495552,16,N/A,1.8,FALSE,FALSE,FALSE,33.4,-117.5,-117.5
43,00:00:43,43,F,LAUNCH_PAD,0.6,25.1,101.0,4.1,0.1,0.1,-0.1,0.1,-9.4,0.0,-0.6,209.0,18:59:28,79.900002,33.385365,-117.495552,15,N/A,1.8,FALSE,FALSE,FALSE,33.4,-117.5,-117.5
44,00:00:44,44,F,LAUNCH_PAD,1.3,25.1,101.0,4.1,0.1,-0.1,-0.0,0.1,-9.4,-0.0,-0.5,209.0,18:59:29,79.800003,33.385365,-117.495552,15,N/A,1.8,FALSE,FALSE,FALSE,33.4,-117.5,-117.5
45,00:00:45,45,F,LAUNCH_PAD,0.7,25.1,101.0,4.1,0.1,-0.1,-0.0,-0.1,-9.4,0.0,-0.5,209.0,18:59:30,79.800003,33.385365,-117.495552,16,N/A,1.8,FALSE,FALSE,FALSE,33.4,-117.5,-117.5
46,00:00:46,46,F,LAUNCH_PAD,0.4,25.1,101.0,4.1,0.1,83.8,-99.1,28.6,-10.6,-0.2,3.6,221.0,18:59:31,79.800003,33.385365,-117.495552,16,N/A,1.8,FALSE,FALSE,FALSE,33.4,-117.5,-117.5
47,00:00:47,47,F,LAUNCH_PAD,0.4,25.1,101.0,4.1,0.1,-61.8,-62.9,-24.2,-8.6,0.0,3.4,115.2,18:59:32,79.699997,33.385365,-117.495552,16,N/A,1.8,FALSE,FALSE,FALSE,33.4,-117.5,-117.5
48,00:00:48,48,F,LAUNCH_PAD,0.6,25.1,101.0,4.1,0.1,-107.8,-30.1,36.2,-8.0,-0.0,2.9,85.2,18:59:33,79.599998,33.385365,-117.495560,16,N/A,1.8,FALSE,FALSE,FALSE,33.4,-117.5,-117.5
49,00:00:49,49,F,LAUNCH_PAD,0.6,25.1,101.0,4.1,0.1,-150.2,0.1,-57.1,-9.6,-0.0,3.7,85.9,18:59:34,79.599998,33.385368,-117.495552,15,N/A,1.8,FALSE,FALSE,FALSE,33.4,-117.5,-117.5
50,00:00:50,50,F,LAUNCH_PAD,-0.0,25.1,101.0,4.1,0.1,-81.5,-52.1,-20.8,-12.1,-0.2,4.4,132.1,18:59:35,79.599998,33.385376,-117.495552,15,N/A,1.8,FALSE,FALSE,FALSE,33.4,-117.5,-117.5
51,00:00:51,51,F,LAUNCH_PAD,-0.1,25.1,101.0,4.1,0.1,72.2,35.3,36.2,-9.8,-0.2,2.5,115.2,18:59:36,79.500000,33.385384,-117.495544,15,N/A,1.8,FALSE,FALSE,FALSE,33.4,-117.5,-117.5
52,00:00:52,52,F,LAUNCH_PAD,-0.2,24.9,101.1,4.1,0.1,-14.7,-37.9,51.4,-10.9,0.3,4.2,47.2,18:59:37,79.500000,33.385391,-117.495537,16,N/A,1.8,FALSE,FALSE,FALSE,33.4,-117.5,-117.5
53,00:00:53,53,F,LAUNCH_PAD,-1.4,25.0,101.1,4.1,0.1,218.6,38.2,-62.4,-8.1,1.1,2.1,35.8,18:59:38,79.400002,33.385399,-117.495537,16,N/A,1.8,FALSE,FALSE,FALSE,33.4,-117.5,-117.5
54,00:00:54,54,F,LAUNCH_PAD,-0.5,25.0,101.0,4.1,0.1,-11.6,-4.1,-0.8,-9.6,-0.4,1.6,42.5,18:59:39,79.400002,33.385399,-117.495537,17,N/A,1.8,FALSE,FALSE,FALSE,33.4,-117.5,-117.5
55,00:00:55,55,F,LAUNCH_PAD,-0.7,25.0,101.0,4.1,0.1,-2.6,-0.7,0.9,-9.2,-0.1,1.7,38.9,18:59:40,79.300003,33.385399,-117.495537,17,N/A,1.8,FALSE,FALSE,FALSE,33.4,-117.5,-117.5
56,00:00:56,56,F,LAUNCH_PAD,-0.6,25.0,101.0,4.1,0.1,1.2,-1.6,0.0,-9.6,0.0,2.0,38.0,18:59:41,79.300003,33.385403,-117.495537,17,N/A,1.8,FALSE,FALSE,FALSE,33.4,-117.5,-117.5
57,00:00:57,57,F,LAUNCH_PAD,-0.2,25.1,101.0,4.1,0.1,-0.2,-0.1,-0.3,-9.5,-0.1,2.1,37.6,18:59:42,79.300003,33.385406,-117.495537,16,N/A,1.8,FALSE,FALSE,FALSE,33.4,-117.5,-117.5
58,00:00:58,58,F,LAUNCH_PAD,-0.6,25.1,101.0,4.1,0.1,-1.1,0.3,-0.8,-9.5,-0.1,2.1,37.8,18:59:43,79.300003,33.385406,-117.495537,16,N/A,1.8,FALSE,FALSE,FALSE,33.4,-117.5,-117.5
59,00:00:59,59,F,LAUNCH_PAD,-0.6,25.1,101.0,4.1,0.1,-2.0,1.1,0.9,-9.5,-0.2,2.1,37.1,18:05:94,79.199997,33.385406,-117.495537,15,N/A,1.8,FALSE,FALSE,FALSE,33.4,-117.5,-117.5
60,00:01:00,60,F,LAUNCH_PAD,-0.5,25.1,101.0,4.1,0.1,-1.9,1.9,0.2,-9.6,-0.1,2.0,36.9,18:59:45,79.300003,33.385410,-117.495537,14,N/A,1.8,FALSE,FALSE,FALSE,33.4,-117.5,-117.5
61,00:01:01,61,F,LAUNCH_PAD,-0.9,25.1,101.0,4.1,0.1,-0.4,0.4,-0.9,-9.6,-0.1,1.9,36.8,18:59:46,79.000000,33.385410,-117.495537,14,CAL,1.8,FALSE,FALSE,FALSE,33.4,-117.5,-117.5
62,00:01:02,62,F,LAUNCH_PAD,0.5,25.1,101.0,4.1,0.1,1.8,-1.2,1.0,-9.6,-0.1,1.8,36.7,18:59:48,79.000000,33.385410,-117.495537,14,CAL,1.8,FALSE,FALSE,FALSE,33.4,-117.5,-117.5
63,00:01:03,63,F,LAUNCH_PAD,0.0,25.1,101.1,4.1,0.1,-0.9,1.3,-1.6,-9.7,-0.3,1.7,36.3,18:59:49,79.000000,33.385410,-117.495537,14,CAL,1.8,FALSE,FALSE,FALSE,33.4,-117.5,-117.5
64,00:01:04,64,F,LAUNCH_PAD,0.7,25.1,101.0,4.1,0.1,2.1,0.2,2.1,-9.6,0.0,1.5,36.6,18:59:50,78.900002,33.385410,-117.495537,14,CAL,1.8,FALSE,FALSE,FALSE,33.4,-117.5,-117.5
65,00:01:05,65,F,LAUNCH_PAD,0.2,25.1,101.0,4.1,0.1,-70.8,-10.8,19.2,-8.4,-0.4,4.8,23.5,18:59:51,78.900002,33.385410,-117.495537,14,CAL,1.8,FALSE,FALSE,FALSE,33.4,-117.5,-117.5
66,00:01:06,66,F,LAUNCH_PAD,-0.1,25.1,101.1,4.1,0.1,-13.8,6.6,-6.8,-8.3,-1.9,4.6,345.8,18:59:52,78.800003,33.385414,-117.495537,14,CAL,1.8,FALSE,FALSE,FALSE,33.4,-117.5,-117.5
67,00:01:07,67,F,LAUNCH_PAD,0.6,25.2,101.0,4.1,0.1,-1.8,-2.6,-8.3,-8.2,-2.7,4.1,339.8,18:59:53,78.699997,33.385414,-0.110000,15,CAL,1.8,FALSE,FALSE,FALSE,33.4,-117.5,-117.5
68,00:01:08,68,F,LAUNCH_PAD,0.1,25.2,101.0,4.1,0.1,4.0,8.3,12.1,-7.6,-1.8,4.9,342.8,18:59:54,78.599998,33.385414,-117.495544,15,CAL,1.8,FALSE,FALSE,FALSE,33.4,-117.5,-117.5
69,00:01:09,69,F,LAUNCH_PAD,0.7,25.2,101.0,4.1,0.1,73.6,42.7,-69.4,-8.6,-0.3,3.8,329.5,18:59:55,78.500000,33.385414,-117.495544,13,CAL,1.8,FALSE,FALSE,FALSE,33.4,-117.5,-117.5
70,00:01:10,70,F,LAUNCH_PAD,1.9,25.2,101.0,4.1,0.1,26.1,17.3,34.5,-9.7,-0.1,3.5,34.4,18:59:56,78.500000,33.385414,-117.495537,14,CAL,1.9,FALSE,FALSE,FALSE,33.4,-117.5,-117.5
71,00:01:11,71,F,LAUNCH_PAD,2.0,25.2,101.0,4.1,0.1,-48.6,22.8,14.2,-9.3,-0.2,3.4,29.9,18:59:57,78.500000,33.385414,-117.495537,16,CAL,2.1,FALSE,FALSE,FALSE,33.4,-117.5,-117.5
72,00:01:12,72,F,LAUNCH_PAD,1.3,25.2,101.0,4.1,0.1,-5.3,14.6,-2.0,-9.1,-0.0,3.5,21.1,18:59:58,78.400002,33.385414,-117.495537,15,CAL,2.1,FALSE,FALSE,FALSE,33.4,-117.5,-117.5
73,00:01:13,73,F,LAUNCH_PAD,1.8,25.2,101.0,4.1,0.1,-2.4,-1.2,4.9,-9.0,0.2,3.5,24.6,18:59:59,78.300003,33.385422,-117.495537,15,CAL,2.1,FALSE,FALSE,FALSE,33.4,-117.5,-117.5
74,00:01:14,74,F,LAUNCH_PAD,1.8,25.2,101.0,4.1,0.1,-54.6,-27.3,-7.8,-9.6,0.3,2.3,23.6,18:59:59,78.300003,33.385422,-117.495537,15,CAL,2.1,FALSE,FALSE,FALSE,33.4,-117.5,-117.5
75,00:01:15,75,F,LAUNCH_PAD,5.7,25.2,101.0,4.1,0.1,22.3,41.7,-25.8,-11.7,0.5,3.6,6.4,19:00:01,78.099998,33.385422,-117.495537,16,CAL,4.9,FALSE,FALSE,FALSE,33.4,-117.5,-117.5
76,00:01:16,76,F,LAUNCH_PAD,9.3,25.1,100.9,4.1,0.1,4.6,-23.1,68.0,-12.2,-1.1,4.5,8.2,19:00:02,77.800003,33.385422,-117.495529,17,CAL,8.8,FALSE,FALSE,FALSE,33.4,-117.5,-117.5
77,00:01:17,77,F,LAUNCH_PAD,13.4,25.1,100.9,4.1,0.1,-7.8,10.8,-26.9,-10.9,0.6,5.2,356.2,19:00:03,77.699997,33.385422,-117.495522,17,CAL,12.9,FALSE,FALSE,FALSE,33.4,-117.5,-117.5
78,00:01:18,78,F,LAUNCH_PAD,21.0,25.0,100.8,4.1,0.1,0.5,-36.6,-45.1,-9.8,-0.2,3.6,359.0,19:00:04,77.199997,33.385426,-117.495499,17,CAL,20.5,FALSE,FALSE,FALSE,33.4,-117.5,-117.5
79,00:01:20,80,F,LAUNCH_PAD,43.6,25.0,100.6,4.1,0.1,11.8,-29.2,-35.8,-9.8,-0.1,4.0,357.2,19:00:06,76.199997,33.385445,-117.495461,16,CAL,43.5,FALSE,FALSE,FALSE,33.4,-117.5,-117.5
80,00:01:21,81,F,LAUNCH_PAD,52.8,25.0,100.4,4.1,0.1,-1.2,13.4,6.0,-5.9,0.1,2.2,0.8,19:00:07,76.800003,33.385452,-117.495438,16,CAL,52.8,FALSE,FALSE,FALSE,33.4,-117.5,-117.5
81,00:01:22,82,F,LAUNCH_PAD,59.9,24.9,100.4,4.1,0.1,-6.8,20.4,-18.4,-4.5,-0.1,1.5,358.8,19:00:08,77.800003,33.385460,-117.495399,16,CAL,60.1,FALSE,FALSE,FALSE,33.4,-117.5,-117.5
82,00:01:23,83,F,LAUNCH_PAD,64.1,24.8,100.3,4.1,0.1,-0.5,4.2,4.8,-8.4,0.7,3.5,358.1,19:00:09,78.599998,33.385471,-117.495377,16,CAL,64.2,FALSE,FALSE,FALSE,33.4,-117.5,-117.5
83,00:01:24,84,F,LAUNCH_PAD,69.0,24.8,100.2,4.1,0.1,12.4,-23.2,-2.4,-7.7,-0.0,3.3,359.2,19:00:10,79.800003,33.385475,-117.495354,16,CAL,68.7,FALSE,FALSE,FALSE,33.4,-117.5,-117.5
84,00:01:25,85,F,LAUNCH_PAD,70.5,24.8,100.2,4.1,0.1,-6.3,19.7,-2.2,-8.8,0.1,3.8,359.2,19:00:11,80.800003,33.385479,-117.495331,16,CAL,70.4,FALSE,FALSE,FALSE,33.4,-117.5,-117.5
85,00:01:30,90,F,LAUNCH_PAD,75.6,24.7,100.1,4.1,0.1,-2.4,1.9,6.6,-7.6,-0.6,2.9,0.9,19:00:16,88.500000,33.385525,-117.495186,16,DROP!!!,75.6,FALSE,FALSE,FALSE,33.4,-117.5,-117.5
86,00:01:31,91,F,LAUNCH_PAD,74.5,24.7,100.2,4.1,0.1,9.6,-13.7,-7.1,-8.3,0.3,2.9,0.9,19:00:17,90.000000,33.385540,-117.495155,15,DROP!!!,75.6,FALSE,FALSE,FALSE,33.4,-117.5,-117.5
