TEAM_ID,MISSION_TIME,PACKET_COUNT,MODE,STATE,ALTITUDE,TEMPERATURE,PRESSURE,VOLTAGE,CURRENT,GYRO_R,GYRO_P,GYRO_Y,ACCEL_R,ACCEL_P,ACCEL_Y,HEADING,GPS_TIME,GPS_ALTITUDE,GPS_LATITUDE,GPS_LONGITUDE,GPS_SATS,CMD_ECHO,MAX_ALTITUDE,CONTAINER_RELEASED,PAYLOAD_RELEASED,PARAGLIDER_ACTIVE,TARGET_LATITUDE,TARGET_LONGITUDE,CAM_DIRECTION
1,1083,00:05:44,F,LAUNCH_PAD,-0.9,23.3,101.2,4.0,0.1,32.7,5.9,-16.0,-9.5,0.3,3.3,48.4,17:08:06,42.000000,33.385380,-117.495567,11,MECCONTOFF,2.5,FALSE,FALSE,FALSE,0.0,0.0,0.0
2,1083,00:05:45,F,LAUNCH_PAD,-1.4,23.2,101.2,4.0,0.1,-7.6,-16.8,4.4,-9.5,-0.9,2.0,92.9,17:08:07,42.000000,33.385380,-117.495567,11,MECCONTOFF,2.5,FALSE,FALSE,FALSE,0.0,0.0,0.0
3,1083,00:05:46,F,LAUNCH_PAD,-1.1,23.2,101.2,4.0,0.1,-5.3,-12.4,-19.2,-9.1,-0.2,3.1,28.2,17:08:08,42.000000,33.385380,-117.495567,11,MECCONTOFF,2.5,FALSE,FALSE,FALSE,0.0,0.0,0.0
4,1083,00:05:47,F,LAUNCH_PAD,0.1,23.2,101.2,4.0,0.1,-1.1,-1.0,-0.5,-9.1,-0.2,3.0,29.4,17:08:10,41.900002,33.385380,-117.495567,11,MECCONTOFF,2.5,FALSE,FALSE,FALSE,0.0,0.0,0.0
5,1083,00:05:48,F,LAUNCH_PAD,-1.0,23.1,101.2,4.0,0.1,40.6,-27.0,-2.8,-8.4,-1.3,2.0,30.5,17:08:11,41.700001,33.385376,-117.495567,11,MECCONTOFF,2.5,FALSE,FALSE,FALSE,0.0,0.0,0.0
6,1083,00:05:49,F,LAUNCH_PAD,-0.7,23.1,101.2,4.0,0.1,25.6,-28.4,14.4,-9.4,-1.4,2.6,15.3,17:08:12,41.500000,33.385376,-117.495567,11,MECCONTOFF,2.5,FALSE,FALSE,FALSE,0.0,0.0,0.0
7,1083,00:05:50,F,LAUNCH_PAD,-0.6,23.1,101.2,4.0,0.1,111.0,13.2,-11.1,-10.9,-1.6,3.2,32.2,17:08:13,41.400002,33.385372,-117.495567,11,MECCONTOFF,2.5,FALSE,FALSE,FALSE,0.0,0.0,0.0
8,1083,00:05:51,F,LAUNCH_PAD,-0.8,23.1,101.2,4.0,0.1,-16.7,4.8,-9.0,-9.3,-1.1,2.8,81.2,17:08:14,41.299999,33.385368,-117.495567,11,MECCONTOFF,2.5,FALSE,FALSE,FALSE,0.0,0.0,0.0
9,1083,00:05:52,F,LAUNCH_PAD,-1.1,23.1,101.2,4.0,0.1,-62.8,-20.1,13.4,-9.4,-1.3,2.8,45.4,17:08:15,41.200001,33.385365,-117.495567,11,MECCONTOFF,2.5,FALSE,FALSE,FALSE,0.0,0.0,0.0
10,1083,00:05:53,F,LAUNCH_PAD,-1.1,23.1,101.2,4.0,0.1,75.2,15.6,12.8,-9.4,-1.2,3.1,49.8,17:08:16,41.099998,33.385365,-117.495567,11,MECCONTOFF,2.5,FALSE,FALSE,FALSE,0.0,0.0,0.0
11,1083,00:05:54,F,LAUNCH_PAD,-1.1,23.1,101.2,4.0,0.1,18.5,-5.1,-7.2,-9.4,-1.3,2.9,91.2,17:08:17,41.000000,33.385365,-117.495567,11,MECCONTOFF,2.5,FALSE,FALSE,FALSE,0.0,0.0,0.0
12,1083,00:05:55,F,LAUNCH_PAD,-1.1,23.0,101.2,4.0,0.1,-52.6,-18.1,23.9,-9.0,-1.3,2.8,91.4,17:08:18,40.900002,33.385365,-117.495567,11,MECCONTOFF,2.5,FALSE,FALSE,FALSE,0.0,0.0,0.0
13,1083,00:05:56,F,LAUNCH_PAD,-1.1,23.0,101.2,4.0,0.1,-10.9,-5.8,-3.8,-9.4,-1.2,3.0,72.6,17:08:19,40.799999,33.385361,-117.495567,11,MECCONTOFF,2.5,FALSE,FALSE,FALSE,0.0,0.0,0.0
14,1083,00:05:57,F,LAUNCH_PAD,-0.8,23.0,101.2,4.0,0.1,12.4,2.0,-5.8,-9.3,-1.3,2.8,75.6,17:08:20,40.799999,33.385361,-117.495567,11,MECCONTOFF,2.5,FALSE,FALSE,FALSE,0.0,0.0,0.0
15,1083,00:05:58,F,LAUNCH_PAD,-0.5,23.0,101.2,4.0,0.1,-6.1,0.8,0.5,-9.1,-1.3,2.8,76.1,17:08:21,40.799999,33.385361,-117.495567,11,MECCONTOFF,2.5,FALSE,FALSE,FALSE,0.0,0.0,0.0
16,1083,00:05:59,F,LAUNCH_PAD,-0.8,23.0,101.2,4.0,0.1,0.9,0.2,-0.8,-9.2,-1.3,2.9,75.2,17:08:22,40.799999,33.385361,-117.495567,11,MECCONTOFF,2.5,FALSE,FALSE,FALSE,0.0,0.0,0.0
17,1083,00:06:00,F,LAUNCH_PAD,-0.8,23.0,101.2,4.0,0.1,-1.0,1.3,2.8,-9.3,-1.4,2.9,74.9,17:08:23,40.799999,33.385361,-117.495567,11,MECCONTOFF,2.5,FALSE,FALSE,FALSE,0.0,0.0,0.0
18,1083,00:06:01,F,LAUNCH_PAD,-1.2,23.0,101.2,4.0,0.1,-21.2,-3.5,0.7,-9.0,-1.3,2.7,64.9,17:08:24,40.799999,33.385361,-117.495567,11,MECCONTOFF,2.5,FALSE,FALSE,FALSE,0.0,0.0,0.0
19,1083,00:06:02,F,LAUNCH_PAD,-0.6,23.0,101.2,4.0,0.1,-26.5,-33.9,-13.3,-9.2,-1.5,2.7,41.5,17:08:25,40.700001,33.385357,-117.495567,11,MECCONTOFF,2.5,FALSE,FALSE,FALSE,0.0,0.0,0.0
20,1083,00:06:03,F,LAUNCH_PAD,-0.9,22.9,101.2,4.0,0.1,91.8,17.0,12.3,-9.6,-1.8,2.7,351.1,17:08:26,40.299999,33.385357,-117.495567,11,MECCONTOFF,2.5,FALSE,FALSE,FALSE,0.0,0.0,0.0
21,1083,00:06:04,F,LAUNCH_PAD,-1.5,22.9,101.2,4.0,0.1,57.1,39.4,-55.1,-9.9,-1.6,3.0,4.0,17:08:27,40.200001,33.385357,-117.495567,11,MECCONTOFF,2.5,FALSE,FALSE,FALSE,0.0,0.0,0.0
22,1083,00:06:05,F,LAUNCH_PAD,-1.2,22.9,101.2,4.0,0.1,-44.0,20.2,9.2,-9.1,-1.8,2.5,335.9,17:08:28,40.400002,33.385357,-117.495567,10,MECCONTOFF,2.5,FALSE,FALSE,FALSE,0.0,0.0,0.0
23,1083,00:06:06,F,LAUNCH_PAD,-1.1,22.9,101.2,4.0,0.1,85.6,23.8,4.2,-9.2,-1.6,3.0,26.4,17:08:29,40.599998,33.385357,-117.495567,11,MECCONTOFF,2.5,FALSE,FALSE,FALSE,0.0,0.0,0.0
24,1083,00:06:07,F,LAUNCH_PAD,-1.2,23.0,101.2,4.0,0.1,-3.7,27.7,-43.6,-9.7,-1.6,3.3,28.9,17:08:30,40.599998,33.385357,-117.495567,11,MECCONTOFF,2.5,FALSE,FALSE,FALSE,0.0,0.0,0.0
25,1083,00:06:08,F,LAUNCH_PAD,-1.9,23.0,101.2,4.0,0.1,-57.0,-16.2,13.4,-8.7,-1.4,2.8,4.8,17:08:31,40.500000,33.385357,-117.495575,11,MECCONTOFF,2.5,FALSE,FALSE,FALSE,0.0,0.0,0.0
26,1083,00:06:09,F,LAUNCH_PAD,-0.5,23.0,101.2,4.0,0.1,25.1,-9.4,20.7,-9.6,-2.3,-2.6,343.1,17:08:32,40.500000,33.385357,-117.495575,10,MECCONTOFF,2.5,FALSE,FALSE,FALSE,0.0,0.0,0.0
27,1083,00:06:10,F,LAUNCH_PAD,-0.9,23.0,101.2,4.0,0.1,-56.2,-19.9,3.7,-9.4,-0.2,0.4,347.1,17:08:33,40.700001,33.385357,-117.495567,11,MECCONTOFF,2.5,FALSE,FALSE,FALSE,0.0,0.0,0.0
28,1083,00:06:11,F,LAUNCH_PAD,-0.9,23.0,101.2,4.0,0.1,8.6,3.2,-12.5,-9.8,-1.6,3.2,354.9,17:08:34,40.900002,33.385357,-117.495567,11,MECCONTOFF,2.5,FALSE,FALSE,FALSE,0.0,0.0,0.0
29,1083,00:06:12,F,LAUNCH_PAD,-0.8,23.0,101.2,4.0,0.1,-35.4,-5.2,65.0,-10.2,-1.9,2.7,354.1,17:08:35,41.099998,33.385357,-117.495567,11,MECCONTOFF,2.5,FALSE,FALSE,FALSE,0.0,0.0,0.0
30,1083,00:06:13,F,LAUNCH_PAD,-0.9,23.0,101.2,4.0,0.1,-59.4,8.6,-0.8,-8.2,-1.5,1.2,339.0,17:08:36,41.000000,33.385353,-117.495567,11,MECCONTOFF,2.5,FALSE,FALSE,FALSE,0.0,0.0,0.0
31,1083,00:06:14,F,LAUNCH_PAD,-1.6,23.1,101.2,4.0,0.1,4.2,-17.8,18.6,-10.3,-1.7,3.3,276.1,17:08:37,41.099998,33.385353,-117.495567,11,MECCONTOFF,2.5,FALSE,FALSE,FALSE,0.0,0.0,0.0
32,1083,00:06:15,F,LAUNCH_PAD,-1.1,23.1,101.2,4.0,0.1,195.3,23.7,-35.3,-9.8,-1.0,2.3,315.6,17:08:38,41.099998,33.385353,-117.495567,11,MECCONTOFF,2.5,FALSE,FALSE,FALSE,0.0,0.0,0.0
33,1083,00:06:16,F,LAUNCH_PAD,-1.2,23.1,101.2,4.0,0.1,-20.7,-24.0,-4.7,-9.3,0.1,3.5,15.8,17:08:39,41.099998,33.385353,-117.495567,11,MECCONTOFF,2.5,FALSE,FALSE,FALSE,0.0,0.0,0.0
34,1083,00:06:17,F,LAUNCH_PAD,-1.0,23.1,101.2,4.0,0.1,32.8,2.0,-9.6,-8.9,-0.6,3.1,349.9,17:08:40,41.099998,33.385353,-117.495567,11,MECCONTOFF,2.5,FALSE,FALSE,FALSE,0.0,0.0,0.0
35,1083,00:06:18,F,LAUNCH_PAD,-0.4,23.1,101.2,4.0,0.1,-135.8,-35.4,43.0,-9.1,-1.4,2.3,208.8,17:08:41,41.099998,33.385357,-117.495567,11,MECCONTOFF,2.5,FALSE,FALSE,FALSE,0.0,0.0,0.0
36,1083,00:06:19,F,LAUNCH_PAD,-1.0,23.1,101.2,4.0,0.1,73.2,3.9,-7.2,-9.3,-1.4,3.0,197.1,17:08:42,41.200001,33.385357,-117.495575,11,MECCONTOFF,2.5,FALSE,FALSE,FALSE,0.0,0.0,0.0
37,1083,00:06:20,F,LAUNCH_PAD,-0.8,23.2,101.2,4.0,0.1,7.3,3.8,3.8,-9.5,-1.5,3.0,216.8,17:08:43,41.200001,33.385357,-117.495575,11,MECCONTOFF,2.5,FALSE,FALSE,FALSE,0.0,0.0,0.0
38,1083,00:06:21,F,LAUNCH_PAD,-1.3,23.2,101.2,4.0,0.1,88.0,-0.6,-18.4,-9.3,-1.3,3.0,269.1,17:08:44,41.200001,33.385357,-117.495575,11,MECCONTOFF,2.5,FALSE,FALSE,FALSE,0.0,0.0,0.0
39,1083,00:06:22,F,LAUNCH_PAD,-0.9,23.2,101.2,4.0,0.1,76.6,13.4,-15.0,-8.3,-1.2,2.7,312.8,17:08:45,41.200001,33.385357,-117.495575,11,MECCONTOFF,2.5,FALSE,FALSE,FALSE,0.0,0.0,0.0
40,1083,00:06:23,F,LAUNCH_PAD,-1.3,23.2,101.2,4.0,0.1,-12.8,-55.4,-4.6,-10.2,-1.7,2.9,344.1,17:08:46,41.200001,33.385357,-117.495575,11,MECCONTOFF,2.5,FALSE,FALSE,FALSE,0.0,0.0,0.0
41,1083,00:06:24,F,LAUNCH_PAD,-1.2,23.2,101.2,4.0,0.1,-91.1,-10.8,48.6,-9.6,-1.3,2.9,277.2,17:08:47,41.200001,33.385357,-117.495575,11,MECCONTOFF,2.5,FALSE,FALSE,FALSE,0.0,0.0,0.0
42,1083,00:06:25,F,LAUNCH_PAD,-1.1,23.2,101.2,4.0,0.1,86.1,11.7,-30.9,-9.4,-1.6,2.8,251.7,17:08:48,41.400002,33.385361,-117.495575,11,MECCONTOFF,2.5,FALSE,FALSE,FALSE,0.0,0.0,0.0
43,1083,00:06:26,F,LAUNCH_PAD,-0.9,23.2,101.2,4.0,0.1,34.2,31.3,-23.4,-8.8,-0.8,3.1,23.1,17:08:49,41.299999,33.385361,-117.495583,11,MECCONTOFF,2.5,FALSE,FALSE,FALSE,0.0,0.0,0.0
44,1083,00:06:27,F,LAUNCH_PAD,-1.9,23.2,101.2,4.0,0.1,21.6,6.1,-8.6,-9.1,-0.1,3.7,56.6,17:08:50,41.299999,33.385361,-117.495583,11,MECCONTOFF,2.5,FALSE,FALSE,FALSE,0.0,0.0,0.0
45,1083,00:06:28,F,LAUNCH_PAD,-1.0,23.2,101.2,4.0,0.1,-24.9,9.8,3.6,-8.7,-0.2,3.3,71.1,17:08:51,41.299999,33.385361,-117.495583,11,MECCONTOFF,2.5,FALSE,FALSE,FALSE,0.0,0.0,0.0
46,1083,00:06:29,F,LAUNCH_PAD,-1.1,23.3,101.2,4.0,0.1,-12.4,4.2,-8.5,-9.4,0.2,3.2,46.9,17:08:52,41.299999,33.385361,-117.495583,11,MECCONTOFF,2.5,FALSE,FALSE,FALSE,0.0,0.0,0.0
47,1083,00:06:30,F,LAUNCH_PAD,-0.9,23.2,101.2,4.0,0.1,-45.6,11.2,6.9,-9.6,0.6,1.1,52.9,17:08:53,41.400002,33.385361,-117.495583,11,MECCONTOFF,2.5,FALSE,FALSE,FALSE,0.0,0.0,0.0
48,1083,00:06:31,F,LAUNCH_PAD,-1.2,23.2,101.2,4.0,0.1,-4.2,3.8,39.2,-8.9,-0.5,3.0,39.5,17:08:54,41.400002,33.385361,-117.495583,10,MECCONTOFF,2.5,FALSE,FALSE,FALSE,0.0,0.0,0.0
49,1083,00:06:32,F,LAUNCH_PAD,-1.0,23.2,101.2,4.0,0.1,-72.9,62.2,22.7,-8.8,0.1,3.1,46.4,17:08:55,41.400002,33.385361,-117.495575,11,MECCONTOFF,2.5,FALSE,FALSE,FALSE,0.0,0.0,0.0
50,1083,00:06:33,F,LAUNCH_PAD,-1.0,23.2,101.2,4.0,0.1,-61.9,-4.1,20.7,-9.1,0.0,2.7,39.3,17:08:56,41.400002,33.385361,-117.495575,11,MECCONTOFF,2.5,FALSE,FALSE,FALSE,0.0,0.0,0.0
51,1083,00:06:34,F,LAUNCH_PAD,-1.2,23.2,101.2,4.0,0.1,42.4,-13.6,-34.2,-9.3,0.6,2.2,1.2,17:08:57,41.400002,33.385361,-117.495575,11,MECCONTOFF,2.5,FALSE,FALSE,FALSE,0.0,0.0,0.0
52,1083,00:06:35,F,LAUNCH_PAD,-1.3,23.2,101.2,4.0,0.1,-82.4,10.8,3.4,-8.9,0.5,3.2,357.4,17:08:58,41.400002,33.385361,-117.495575,11,MECCONTOFF,2.5,FALSE,FALSE,FALSE,0.0,0.0,0.0
53,1083,00:06:36,F,LAUNCH_PAD,0.3,23.1,101.2,4.0,0.1,-72.8,9.6,29.1,-9.2,-0.4,2.7,308.1,17:08:59,41.400002,33.385361,-117.495575,11,MECCONTOFF,2.5,FALSE,FALSE,FALSE,0.0,0.0,0.0
54,1083,00:06:37,F,LAUNCH_PAD,-1.1,23.3,101.2,4.0,0.1,-34.9,13.3,10.9,-9.0,0.8,3.7,292.7,17:09:00,41.500000,33.385361,-117.495575,11,MECCONTOFF,2.5,FALSE,FALSE,FALSE,0.0,0.0,0.0
55,1083,00:06:38,F,LAUNCH_PAD,-1.2,23.3,101.2,4.0,0.1,-4.8,10.3,-0.5,-8.3,0.6,3.0,292.4,17:09:01,41.500000,33.385361,-117.495575,11,MECCONTOFF,2.5,FALSE,FALSE,FALSE,0.0,0.0,0.0
56,1083,00:06:39,F,LAUNCH_PAD,-1.1,23.3,101.2,4.0,0.1,-2.1,1.2,-0.5,-9.2,-0.1,3.0,296.3,17:09:02,41.500000,33.385361,-117.495575,11,MECCONTOFF,2.5,FALSE,FALSE,FALSE,0.0,0.0,0.0
57,1083,00:06:40,F,LAUNCH_PAD,-1.1,23.3,101.2,4.0,0.1,14.9,1.9,-9.0,-9.4,-0.2,3.0,307.4,17:09:03,41.500000,33.385361,-117.495575,11,MECCONTOFF,2.5,FALSE,FALSE,FALSE,0.0,0.0,0.0
58,1083,00:06:41,F,LAUNCH_PAD,-1.1,23.3,101.2,4.0,0.1,19.3,-1.5,-2.9,-9.2,0.1,3.3,310.1,17:09:04,41.500000,33.385357,-117.495575,11,MECCONTOFF,2.5,FALSE,FALSE,FALSE,0.0,0.0,0.0
59,1083,00:06:42,F,LAUNCH_PAD,-1.8,23.3,101.2,4.0,0.1,-10.6,0.7,5.4,-8.9,0.1,3.2,316.5,17:09:05,41.400002,33.385357,-117.495575,11,MECCONTOFF,2.5,FALSE,FALSE,FALSE,0.0,0.0,0.0
60,1083,00:06:43,F,LAUNCH_PAD,-1.4,23.3,101.2,4.0,0.1,-3.4,1.6,2.6,-9.2,0.2,3.1,310.9,17:09:06,41.400002,33.385353,-117.495575,11,MECCONTOFF,2.5,FALSE,FALSE,FALSE,0.0,0.0,0.0
61,1083,00:06:44,F,LAUNCH_PAD,-1.4,23.4,101.2,4.0,0.1,41.2,-4.8,-16.0,-9.1,0.1,3.0,319.8,17:09:07,41.400002,33.385353,-117.495575,11,MECCONTOFF,2.5,FALSE,FALSE,FALSE,0.0,0.0,0.0
62,1083,00:06:45,F,LAUNCH_PAD,-1.1,23.4,101.2,4.0,0.1,-90.2,-9.8,14.8,-9.7,-1.0,3.2,356.4,17:09:08,41.400002,33.385353,-117.495575,11,MECCONTOFF,2.5,FALSE,FALSE,FALSE,0.0,0.0,0.0
63,1083,00:06:46,F,LAUNCH_PAD,-1.1,23.4,101.2,4.0,0.1,-7.5,-10.9,-5.3,-9.1,-2.6,1.9,309.4,17:09:09,41.400002,33.385353,-117.495575,11,MECCONTOFF,2.5,FALSE,FALSE,FALSE,0.0,0.0,0.0
64,1083,00:06:47,F,LAUNCH_PAD,-1.0,23.4,101.2,4.0,0.1,5.6,-6.0,-6.8,-8.9,-2.4,1.5,307.9,17:09:10,41.400002,33.385353,-117.495575,11,MECCONTOFF,2.5,FALSE,FALSE,FALSE,0.0,0.0,0.0
65,1083,00:06:48,F,LAUNCH_PAD,-0.5,23.4,101.2,4.0,0.1,-1.8,-4.6,-2.9,-9.5,-2.6,1.9,310.0,17:09:11,41.299999,33.385353,-117.495575,11,MECCONTOFF,2.5,FALSE,FALSE,FALSE,0.0,0.0,0.0
66,1083,00:06:49,F,LAUNCH_PAD,-0.7,23.4,101.2,4.0,0.1,39.8,5.2,6.7,-9.2,-2.5,1.6,306.0,17:09:12,41.299999,33.385349,-117.495575,11,MECCONTOFF,2.5,FALSE,FALSE,FALSE,0.0,0.0,0.0
67,1083,00:06:50,F,LAUNCH_PAD,-1.3,23.4,101.2,4.0,0.1,-19.8,1.7,1.1,-8.8,-2.2,3.1,312.4,17:09:13,41.200001,33.385349,-117.495575,10,MECCONTOFF,2.5,FALSE,FALSE,FALSE,0.0,0.0,0.0
68,1083,00:06:51,F,LAUNCH_PAD,-1.0,23.5,101.2,4.0,0.1,1.9,19.1,-7.3,-8.6,-2.5,3.4,302.8,17:09:14,41.200001,33.385349,-117.495575,11,MECCONTOFF,2.5,FALSE,FALSE,FALSE,0.0,0.0,0.0
69,1083,00:06:52,F,LAUNCH_PAD,-1.2,23.5,101.2,4.0,0.1,-2.6,12.6,-7.6,-8.9,-3.2,2.3,295.2,17:09:15,41.200001,33.385349,-117.495575,11,MECCONTOFF,2.5,FALSE,FALSE,FALSE,0.0,0.0,0.0
70,1083,00:06:53,F,LAUNCH_PAD,-1.0,23.5,101.2,4.0,0.1,-0.9,4.2,-5.2,-8.6,-4.1,2.1,299.8,17:09:16,41.200001,33.385349,-117.495575,11,MECCONTOFF,2.5,FALSE,FALSE,FALSE,0.0,0.0,0.0
71,1083,00:06:54,F,LAUNCH_PAD,-0.9,23.5,101.2,4.0,0.1,17.1,-3.8,6.6,-8.8,-4.0,1.2,305.9,17:09:17,41.299999,33.385349,-117.495575,11,MECCONTOFF,2.5,FALSE,FALSE,FALSE,0.0,0.0,0.0
72,1083,00:06:55,F,LAUNCH_PAD,-1.0,23.5,101.2,4.0,0.1,-0.1,-6.5,4.9,-9.1,-3.6,1.7,314.0,17:09:18,41.299999,33.385349,-117.495575,11,MECCONTOFF,2.5,FALSE,FALSE,FALSE,0.0,0.0,0.0
73,1083,00:06:56,F,LAUNCH_PAD,-0.6,23.5,101.2,4.0,0.1,-16.3,-3.2,-8.4,-9.3,-3.0,1.4,315.8,17:09:19,41.299999,33.385349,-117.495575,11,MECCONTOFF,2.5,FALSE,FALSE,FALSE,0.0,0.0,0.0
74,1083,00:06:57,F,LAUNCH_PAD,-1.1,23.6,101.2,4.0,0.1,-17.0,-8.6,4.8,-8.1,-5.6,-0.4,300.0,17:09:20,41.400002,33.385353,-117.495575,11,MECCONTOFF,2.5,FALSE,FALSE,FALSE,0.0,0.0,0.0
75,1083,00:06:58,F,LAUNCH_PAD,-1.4,23.6,101.2,4.0,0.1,-5.9,11.6,-0.2,-8.6,-4.8,0.0,302.1,17:09:21,41.500000,33.385353,-117.495575,11,MECCONTOFF,2.5,FALSE,FALSE,FALSE,0.0,0.0,0.0
76,1083,00:06:59,F,LAUNCH_PAD,-1.4,23.6,101.2,4.0,0.1,-3.1,4.1,1.5,-9.2,-2.7,1.7,305.8,17:09:22,41.500000,33.385349,-117.495575,11,MECCONTOFF,2.5,FALSE,FALSE,FALSE,0.0,0.0,0.0
77,1083,00:07:00,F,LAUNCH_PAD,-0.6,23.6,101.2,4.0,0.1,0.6,7.6,3.2,-9.2,-1.6,2.8,302.3,17:09:23,41.500000,33.385353,-117.495575,11,MECCONTOFF,2.5,FALSE,FALSE,FALSE,0.0,0.0,0.0
78,1083,00:07:01,F,LAUNCH_PAD,-0.8,23.6,101.2,4.0,0.1,-0.4,2.6,1.8,-9.1,-1.5,3.0,299.9,17:09:24,41.700001,33.385349,-117.495575,11,MECCONTOFF,2.5,FALSE,FALSE,FALSE,0.0,0.0,0.0
79,1083,00:07:02,F,LAUNCH_PAD,-1.0,23.6,101.2,4.0,0.1,14.9,5.9,9.1,-9.3,-1.5,3.1,306.8,17:09:25,41.799999,33.385353,-117.495575,11,MECCONTOFF,2.5,FALSE,FALSE,FALSE,0.0,0.0,0.0
80,1083,00:07:03,F,LAUNCH_PAD,-1.1,23.6,101.2,4.0,0.1,-8.6,-0.4,14.3,-9.4,-1.5,3.1,313.1,17:09:26,41.799999,33.385353,-117.495575,11,MECCONTOFF,2.5,FALSE,FALSE,FALSE,0.0,0.0,0.0
81,1083,00:07:04,F,LAUNCH_PAD,-1.2,23.7,101.2,4.0,0.1,5.3,-7.1,1.8,-9.3,-1.6,3.0,316.3,17:09:27,41.799999,33.385353,-117.495575,11,MECCONTOFF,2.5,FALSE,FALSE,FALSE,0.0,0.0,0.0
82,1083,00:07:05,F,LAUNCH_PAD,-1.4,23.7,101.2,4.0,0.1,0.8,-12.0,4.1,-9.2,-1.6,2.8,311.1,17:09:28,41.900002,33.385353,-117.495575,11,MECCONTOFF,2.5,FALSE,FALSE,FALSE,0.0,0.0,0.0
83,1083,00:07:06,F,LAUNCH_PAD,-1.1,23.7,101.2,4.0,0.1,6.4,-1.8,-13.6,-9.2,-1.9,2.4,307.6,17:09:29,41.799999,33.385349,-117.495575,11,MECCONTOFF,2.5,FALSE,FALSE,FALSE,0.0,0.0,0.0
84,1083,00:07:07,F,LAUNCH_PAD,-1.0,23.7,101.2,4.0,0.1,-7.7,-16.8,10.8,-9.5,-2.1,2.4,305.8,17:09:30,41.799999,33.385349,-117.495575,11,MECCONTOFF,2.5,FALSE,FALSE,FALSE,0.0,0.0,0.0
85,1083,00:07:08,F,LAUNCH_PAD,-0.7,23.7,101.2,4.0,0.1,1.2,-4.7,0.4,-9.2,-1.5,2.8,306.1,17:09:31,41.799999,33.385349,-117.495575,11,MECCONTOFF,2.5,FALSE,FALSE,FALSE,0.0,0.0,0.0
86,1083,00:07:09,F,LAUNCH_PAD,-0.6,23.8,101.2,4.0,0.1,1.1,-2.4,4.2,-9.2,-1.5,2.9,305.7,17:09:32,41.700001,33.385349,-117.495575,10,MECCONTOFF,2.5,FALSE,FALSE,FALSE,0.0,0.0,0.0
87,1083,00:07:10,F,LAUNCH_PAD,-0.7,23.8,101.2,4.0,0.1,-4.2,-3.6,2.9,-9.2,-1.6,2.8,306.0,17:09:33,41.799999,33.385353,-117.495575,11,MECCONTOFF,2.5,FALSE,FALSE,FALSE,0.0,0.0,0.0
88,1083,00:07:11,F,LAUNCH_PAD,-1.0,23.8,101.2,4.0,0.1,0.6,0.8,2.3,-9.2,-1.7,2.7,305.2,17:09:34,41.900002,33.385353,-117.495575,11,MECCONTOFF,2.5,FALSE,FALSE,FALSE,0.0,0.0,0.0
89,1083,00:07:12,F,LAUNCH_PAD,-0.6,23.8,101.2,4.0,0.1,0.6,0.2,-0.5,-9.1,-1.7,2.7,305.0,17:09:35,41.900002,33.385353,-117.495575,11,MECCONTOFF,2.5,FALSE,FALSE,FALSE,0.0,0.0,0.0
90,1083,00:07:13,F,LAUNCH_PAD,-0.9,23.8,101.2,4.0,0.1,-1.5,-0.1,1.2,-9.2,-1.8,2.6,304.8,17:09:36,41.900002,33.385353,-117.495575,11,MECCONTOFF,2.5,FALSE,FALSE,FALSE,0.0,0.0,0.0
91,1083,00:07:14,F,LAUNCH_PAD,-0.8,23.8,101.2,4.0,0.1,-0.1,0.6,-1.4,-9.3,-1.9,2.6,304.6,17:09:37,42.000000,33.385353,-117.495575,11,MECCONTOFF,2.5,FALSE,FALSE,FALSE,0.0,0.0,0.0
92,1083,00:07:15,F,LAUNCH_PAD,-1.3,23.8,101.2,4.0,0.1,-0.4,-1.3,-0.2,-9.2,-1.8,2.6,304.2,17:09:38,42.200001,33.385353,-117.495575,11,MECCONTOFF,2.5,FALSE,FALSE,FALSE,0.0,0.0,0.0
93,1083,00:07:16,F,LAUNCH_PAD,-0.6,23.8,101.2,4.0,0.1,5.2,8.3,-3.0,-9.1,-2.2,2.4,303.6,17:09:39,42.000000,33.385353,-117.495575,11,MECCONTOFF,2.5,FALSE,FALSE,FALSE,0.0,0.0,0.0
94,1083,00:07:17,F,LAUNCH_PAD,0.1,23.8,101.2,4.0,0.1,-3.8,0.9,-5.0,-9.4,-2.0,2.4,303.4,17:09:40,41.799999,33.385349,-117.495575,11,MECCONTOFF,2.5,FALSE,FALSE,FALSE,0.0,0.0,0.0
95,1083,00:07:18,F,LAUNCH_PAD,-1.0,23.9,101.2,4.0,0.1,-1.3,-2.0,3.2,-9.2,-1.9,2.5,302.8,17:09:41,42.000000,33.385353,-117.495575,11,MECCONTOFF,2.5,FALSE,FALSE,FALSE,0.0,0.0,0.0
96,1083,00:07:19,F,LAUNCH_PAD,-0.8,23.9,101.2,4.0,0.1,-1.2,0.0,1.4,-9.3,-2.0,2.4,302.2,17:09:42,42.099998,33.385349,-117.495575,11,MECCONTOFF,2.5,FALSE,FALSE,FALSE,0.0,0.0,0.0
97,1083,00:07:20,F,LAUNCH_PAD,-0.9,23.9,101.2,4.0,0.1,-1.0,0.7,-1.8,-9.2,-2.0,2.5,301.6,17:09:43,42.200001,33.385349,-117.495575,11,MECCONTOFF,2.5,FALSE,FALSE,FALSE,0.0,0.0,0.0
98,1083,00:07:21,F,LAUNCH_PAD,-1.2,23.9,101.2,4.0,0.1,-2.7,-2.3,-0.0,-9.2,-2.0,2.5,300.6,17:09:44,42.200001,33.385349,-117.495575,11,MECCONTOFF,2.5,FALSE,FALSE,FALSE,0.0,0.0,0.0
99,1083,00:07:22,F,LAUNCH_PAD,-1.1,23.9,101.2,4.0,0.1,-0.6,1.4,0.7,-9.3,-2.1,2.3,299.7,17:09:45,42.299999,33.385349,-117.495567,11,MECCONTOFF,2.5,FALSE,FALSE,FALSE,0.0,0.0,0.0
100,1083,00:07:23,F,LAUNCH_PAD,-1.0,23.9,101.2,4.0,0.1,-1.9,-0.4,-0.8,-9.3,-2.1,2.4,299.1,17:09:46,42.200001,33.385349,-117.495575,11,MECCONTOFF,2.5,FALSE,FALSE,FALSE,0.0,0.0,0.0
101,1083,00:07:24,F,LAUNCH_PAD,-0.8,23.9,101.2,4.0,0.1,-17.1,-7.9,-5.2,-9.6,-2.0,2.2,297.3,17:09:47,42.200001,33.385349,-117.495575,11,MECCONTOFF,2.5,FALSE,FALSE,FALSE,0.0,0.0,0.0
102,1083,00:07:25,F,LAUNCH_PAD,-1.0,24.0,101.2,4.0,0.1,-8.9,-18.9,4.8,-9.3,-1.7,2.1,297.4,17:09:48,42.299999,33.385349,-11.740000,11,MECCONTOFF,2.5,FALSE,FALSE,FALSE,0.0,0.0,0.0
103,1083,00:07:26,F,LAUNCH_PAD,-0.5,24.0,101.2,4.0,0.1,48.1,-10.4,-12.2,-8.8,-1.5,3.9,327.9,17:09:49,42.299999,33.385349,-117.495575,11,MECCONTOFF,2.5,FALSE,FALSE,FALSE,0.0,0.0,0.0
104,1083,00:07:27,F,LAUNCH_PAD,-0.8,24.0,101.2,4.0,0.1,8.7,0.8,-4.3,-8.9,-1.4,4.1,350.8,17:09:50,42.099998,33.385349,-117.495575,11,MECCONTOFF,2.5,FALSE,FALSE,FALSE,0.0,0.0,0.0
105,1083,00:07:28,F,LAUNCH_PAD,-0.5,24.0,101.2,4.0,0.1,0.4,2.3,-5.8,-8.6,-1.1,3.8,357.0,17:09:51,42.299999,33.385349,-117.495575,11,MECCONTOFF,2.5,FALSE,FALSE,FALSE,0.0,0.0,0.0
106,1083,00:07:29,F,LAUNCH_PAD,-0.1,24.0,101.2,4.0,0.1,2.9,-0.2,1.1,-8.9,-1.4,4.2,358.4,17:09:52,42.200001,33.385349,-117.495575,11,MECCONTOFF,2.5,FALSE,FALSE,FALSE,0.0,0.0,0.0
107,1083,00:07:30,F,LAUNCH_PAD,-0.5,24.0,101.2,4.0,0.1,-17.0,-5.6,-25.8,-8.4,-0.8,4.0,22.1,17:09:53,42.200001,33.385349,-117.495575,11,MECCONTOFF,2.5,FALSE,FALSE,FALSE,0.0,0.0,0.0
108,1083,00:07:31,F,LAUNCH_PAD,-0.4,24.0,101.2,4.0,0.1,-1.3,5.1,-12.6,-8.5,-1.4,4.2,28.1,17:09:54,42.500000,33.385353,-117.495575,11,MECCONTOFF,2.5,FALSE,FALSE,FALSE,0.0,0.0,0.0
109,1083,00:07:32,F,LAUNCH_PAD,-0.2,23.9,101.2,4.0,0.1,17.2,8.8,-18.7,-9.8,-1.1,3.8,34.9,17:09:55,42.400002,33.385353,-117.495575,11,MECCONTOFF,2.5,FALSE,FALSE,FALSE,0.0,0.0,0.0
110,1083,00:07:33,F,LAUNCH_PAD,-0.6,23.9,101.2,4.0,0.1,29.8,5.4,-20.1,-8.5,-1.4,4.3,78.8,17:09:56,42.400002,33.385353,-117.495575,11,MECCONTOFF,2.5,FALSE,FALSE,FALSE,0.0,0.0,0.0
111,1083,00:07:34,F,LAUNCH_PAD,-0.3,23.8,101.2,4.0,0.1,13.0,2.5,-3.6,-8.7,-1.4,4.2,95.7,17:09:57,42.299999,33.385357,-117.495567,11,MECCONTOFF,2.5,FALSE,FALSE,FALSE,0.0,0.0,0.0
112,1083,00:07:35,F,LAUNCH_PAD,-1.1,23.8,101.2,4.0,0.1,1.9,-1.7,2.9,-8.5,-1.3,4.3,102.2,17:09:58,42.400002,33.385357,-117.495567,11,MECCONTOFF,2.5,FALSE,FALSE,FALSE,0.0,0.0,0.0
113,1083,00:07:36,F,LAUNCH_PAD,-1.2,23.9,101.2,4.0,0.1,1.4,2.0,-1.9,-8.6,-1.1,4.3,104.0,17:09:59,42.099998,33.385357,-117.495567,11,MECCONTOFF,2.5,FALSE,FALSE,FALSE,0.0,0.0,0.0
114,1083,00:07:37,F,LAUNCH_PAD,-0.4,23.9,101.2,4.0,0.1,8.2,-0.4,-0.4,-9.1,-1.4,4.0,105.8,17:10:00,41.900002,33.385353,-117.495567,11,MECCONTOFF,2.5,FALSE,FALSE,FALSE,0.0,0.0,0.0
115,1083,00:07:38,F,LAUNCH_PAD,-0.5,23.9,101.2,4.0,0.1,35.3,16.1,-23.9,-9.4,-0.7,3.0,130.4,17:10:01,41.900002,33.385353,-117.495567,11,MECCONTOFF,2.5,FALSE,FALSE,FALSE,0.0,0.0,0.0
116,1083,00:07:39,F,LAUNCH_PAD,-0.9,23.9,101.2,4.0,0.1,13.4,-2.7,-2.4,-9.3,-1.0,3.4,171.2,17:10:02,41.700001,33.385353,-117.495567,11,MECCONTOFF,2.5,FALSE,FALSE,FALSE,0.0,0.0,0.0
117,1083,00:07:40,F,LAUNCH_PAD,-0.7,23.9,101.2,4.0,0.1,12.4,2.0,-10.8,-9.3,-0.8,3.0,170.8,17:10:03,41.700001,33.385353,-117.495567,11,MECCONTOFF,2.5,FALSE,FALSE,FALSE,0.0,0.0,0.0
118,1083,00:07:41,F,LAUNCH_PAD,-0.6,23.9,101.2,4.0,0.1,-14.2,-8.8,-8.8,-10.0,-1.0,2.6,172.6,17:10:04,41.700001,33.385353,-117.495567,11,MECCONTOFF,2.5,FALSE,FALSE,FALSE,0.0,0.0,0.0
119,1083,00:07:42,F,LAUNCH_PAD,-1.0,23.9,101.2,4.0,0.1,-14.1,-5.1,-7.7,-9.0,-0.5,2.9,180.1,17:10:05,41.700001,33.385353,-117.495567,11,MECCONTOFF,2.5,FALSE,FALSE,FALSE,0.0,0.0,0.0
120,1083,00:07:43,F,LAUNCH_PAD,-0.9,23.9,101.2,4.0,0.1,9.2,-8.4,-11.0,-9.9,-0.6,2.9,171.9,17:10:06,41.599998,33.385353,-117.495567,11,MECCONTOFF,2.5,FALSE,FALSE,FALSE,0.0,0.0,0.0
121,1083,00:07:44,F,LAUNCH_PAD,-0.7,23.9,101.2,4.0,0.1,-2.8,8.0,3.4,-9.5,-0.2,2.7,179.3,17:10:07,41.799999,33.385357,-117.495560,11,MECCONTOFF,2.5,FALSE,FALSE,FALSE,0.0,0.0,0.0
122,1083,00:07:45,F,LAUNCH_PAD,-0.7,24.0,101.2,4.0,0.1,-6.4,-13.7,2.9,-9.0,-1.0,3.7,183.7,17:10:08,42.000000,33.385361,-117.495560,11,MECCONTOFF,2.5,FALSE,FALSE,FALSE,0.0,0.0,0.0
123,1083,00:07:46,F,LAUNCH_PAD,-0.9,24.0,101.2,4.0,0.1,-7.4,-19.5,-4.9,-8.6,-1.2,4.7,167.4,17:10:09,42.000000,33.385361,-117.495560,11,MECCONTOFF,2.5,FALSE,FALSE,FALSE,0.0,0.0,0.0
124,1083,00:07:47,F,LAUNCH_PAD,-0.7,24.0,101.2,4.0,0.1,-13.2,-13.4,2.2,-8.2,-1.4,5.6,157.1,17:10:10,42.000000,33.385365,-117.495560,11,MECCONTOFF,2.5,FALSE,FALSE,FALSE,0.0,0.0,0.0
125,1083,00:07:48,F,LAUNCH_PAD,0.4,23.9,101.2,4.0,0.1,-0.8,-4.1,-15.8,-7.4,-1.2,5.8,164.8,17:10:11,42.200001,33.385372,-117.495552,11,MECCONTOFF,2.5,FALSE,FALSE,FALSE,0.0,0.0,0.0
126,1083,00:07:49,F,LAUNCH_PAD,-0.6,23.9,101.2,4.0,0.1,0.6,3.1,-0.4,-7.3,-1.7,6.3,166.0,17:10:12,42.599998,33.385372,-117.495544,11,MECCONTOFF,2.5,FALSE,FALSE,FALSE,0.0,0.0,0.0
127,1083,00:07:50,F,LAUNCH_PAD,-1.3,23.9,101.2,4.0,0.1,-15.3,19.2,20.3,-7.3,-1.1,5.3,161.1,17:10:13,42.799999,33.385376,-117.495544,11,MECCONTOFF,2.5,FALSE,FALSE,FALSE,0.0,0.0,0.0
128,1083,00:07:51,F,LAUNCH_PAD,-0.3,23.9,101.2,4.0,0.1,-9.0,6.3,-9.2,-8.9,-0.8,4.1,147.8,17:10:14,43.000000,33.385372,-117.495544,11,MECCONTOFF,2.5,FALSE,FALSE,FALSE,0.0,0.0,0.0
129,1083,00:07:52,F,LAUNCH_PAD,-0.6,23.9,101.2,4.0,0.1,1.8,-5.1,-7.4,-8.9,-0.9,4.6,149.3,17:10:15,43.299999,33.385376,-117.495544,11,MECCONTOFF,2.5,FALSE,FALSE,FALSE,0.0,0.0,0.0
130,1083,00:07:53,F,LAUNCH_PAD,-0.6,23.9,101.2,4.0,0.1,5.4,3.9,0.2,-7.3,-1.0,4.8,159.1,17:10:16,43.299999,33.385380,-117.495544,11,MECCONTOFF,2.5,FALSE,FALSE,FALSE,0.0,0.0,0.0
131,1083,00:07:54,F,LAUNCH_PAD,-0.4,23.9,101.2,4.0,0.1,1.9,-2.8,-3.6,-7.3,-1.1,5.7,167.8,17:10:17,43.400002,33.385380,-117.495544,11,MECCONTOFF,2.5,FALSE,FALSE,FALSE,0.0,0.0,0.0
132,1083,00:07:55,F,LAUNCH_PAD,-0.2,23.9,101.2,4.0,0.1,-3.0,-5.5,-3.4,-7.5,-1.6,6.1,165.8,17:10:17,43.400002,33.385380,-117.495544,11,MECCONTOFF,2.5,FALSE,FALSE,FALSE,0.0,0.0,0.0
133,1083,00:07:56,F,LAUNCH_PAD,-0.3,23.9,101.2,4.0,0.1,-0.6,3.4,-2.9,-7.3,-1.6,6.3,164.9,17:10:19,44.700001,33.385387,-117.495529,11,MECCONTOFF,2.5,FALSE,FALSE,FALSE,0.0,0.0,0.0
134,1083,00:07:57,F,LAUNCH_PAD,-0.0,23.9,101.2,4.0,0.1,5.6,-0.2,0.7,-7.6,-1.7,6.2,166.9,17:10:20,45.400002,33.385391,-117.495529,11,MECCONTOFF,2.5,FALSE,FALSE,FALSE,0.0,0.0,0.0
135,1083,00:07:58,F,LAUNCH_PAD,-0.8,23.9,101.2,4.0,0.1,3.2,3.8,-0.9,-7.7,-1.3,5.6,170.4,17:10:22,45.099998,33.385391,-117.495529,11,MECCONTOFF,2.5,FALSE,FALSE,FALSE,0.0,0.0,0.0
136,1083,00:07:59,F,LAUNCH_PAD,-0.2,23.9,101.2,4.0,0.1,-5.0,8.4,-8.4,-8.4,-1.2,5.5,172.0,17:10:23,45.500000,33.385391,-117.495529,11,MECCONTOFF,2.5,FALSE,FALSE,FALSE,0.0,0.0,0.0
137,1083,00:08:00,F,LAUNCH_PAD,1.0,23.9,101.1,4.0,0.1,-17.3,9.4,17.6,-8.2,-2.3,4.5,168.5,17:10:23,45.500000,33.385391,-117.495529,11,MECCONTOFF,2.5,FALSE,FALSE,FALSE,0.0,0.0,0.0
138,1083,00:08:01,F,LAUNCH_PAD,-0.2,23.9,101.2,4.0,0.1,21.3,-36.1,5.6,-5.9,-2.4,0.8,170.4,17:10:25,45.900002,33.385391,-117.495529,11,MECCONTOFF,2.5,FALSE,FALSE,FALSE,0.0,0.0,0.0
139,1083,00:08:02,F,LAUNCH_PAD,0.7,23.9,101.2,4.0,0.1,7.0,18.3,13.2,-13.9,-4.6,3.2,171.2,17:10:26,46.000000,33.385395,-117.495529,11,MECCONTOFF,2.5,FALSE,FALSE,FALSE,0.0,0.0,0.0
140,1083,00:08:03,F,LAUNCH_PAD,3.0,23.9,101.1,4.0,0.1,-29.0,1.1,11.1,-12.0,-3.5,0.3,159.3,17:10:27,46.000000,33.385399,-117.495537,11,MECCONTOFF,2.9,FALSE,FALSE,FALSE,0.0,0.0,0.0
141,1083,00:08:04,F,LAUNCH_PAD,7.7,23.9,101.1,4.0,0.1,-12.7,-6.4,4.6,-11.8,-2.4,0.9,134.5,17:10:28,46.000000,33.385406,-117.495522,11,MECCONTOFF,7.6,FALSE,FALSE,FALSE,0.0,0.0,0.0
142,1083,00:08:05,F,LAUNCH_PAD,17.0,23.9,101.0,4.0,0.1,-21.0,-4.0,-17.1,-9.4,-1.1,0.6,121.8,17:10:29,46.099998,33.385426,-117.495506,11,MECCONTOFF,17.0,FALSE,FALSE,FALSE,0.0,0.0,0.0
143,1083,00:08:06,F,LAUNCH_PAD,23.8,23.8,100.9,4.0,0.1,-7.0,-4.8,-1.0,-9.2,-1.0,1.9,109.1,17:10:30,45.900002,33.385437,-117.495483,10,MECCONTOFF,23.8,FALSE,FALSE,FALSE,0.0,0.0,0.0
144,1083,00:08:07,F,LAUNCH_PAD,32.1,23.8,100.7,4.0,0.1,-6.1,-1.6,8.5,-8.8,-0.9,1.9,98.9,17:10:31,46.200001,33.385479,-117.495438,11,MECCONTOFF,30.4,FALSE,FALSE,FALSE,0.0,0.0,0.0
145,1083,00:08:08,F,LAUNCH_PAD,39.6,23.8,100.7,4.0,0.1,-6.0,-13.1,-0.2,-8.4,-1.3,2.2,89.7,17:10:32,47.400002,33.385498,-117.495430,11,MECCONTOFF,38.8,FALSE,FALSE,FALSE,0.0,0.0,0.0
146,1083,00:08:09,F,LAUNCH_PAD,45.5,23.8,100.6,4.0,0.1,-3.2,-3.9,-3.1,-9.6,-0.9,1.8,87.9,17:10:33,48.799999,33.385513,-117.495430,11,MECCONTOFF,45.0,FALSE,FALSE,FALSE,0.0,0.0,0.0
147,1083,00:08:10,F,LAUNCH_PAD,52.6,23.7,100.5,4.0,0.1,-0.4,-4.2,1.9,-12.1,-3.2,3.2,87.6,17:10:34,50.000000,33.385529,-117.495438,11,MECCONTOFF,52.3,FALSE,FALSE,FALSE,0.0,0.0,0.0
148,1083,00:08:11,F,LAUNCH_PAD,62.3,23.7,100.4,4.0,0.1,91.4,30.9,-44.2,-12.0,-3.4,2.5,119.6,17:10:35,52.299999,33.385529,-117.495461,9,MECCONTOFF,62.0,FALSE,FALSE,FALSE,0.0,0.0,0.0
149,1083,00:08:12,F,LAUNCH_PAD,71.2,23.7,100.3,4.0,0.1,240.2,21.1,63.8,-0.7,-0.7,1.7,117.2,17:10:36,55.400002,33.385525,-117.495499,10,DROP!!!,71.1,FALSE,FALSE,FALSE,0.0,0.0,0.0
150,1083,00:08:13,F,LAUNCH_PAD,75.2,23.6,100.3,4.0,0.1,185.6,-30.1,-65.5,-0.4,2.2,-0.1,247.1,17:10:37,57.400002,33.385525,-117.495522,10,DROP!!!,75.3,FALSE,FALSE,FALSE,0.0,0.0,0.0
151,1083,00:08:14,F,LAUNCH_PAD,72.5,23.3,100.3,4.0,0.1,196.5,-5.6,32.0,-0.4,1.0,-2.5,279.6,17:10:37,57.400002,33.385525,-117.495522,10,DROP!!!,75.3,TRUE,FALSE,FALSE,0.0,0.0,0.0
152,1083,00:08:15,F,LAUNCH_PAD,59.1,23.1,100.6,4.0,0.1,267.2,167.4,128.6,-23.2,-1.8,-3.5,18.5,17:10:39,61.099998,33.385536,-117.495636,10,DROP!!!,75.3,TRUE,FALSE,FALSE,0.0,0.0,0.0
153,1083,00:08:16,F,LAUNCH_PAD,43.5,23.1,100.7,4.0,0.1,20.6,25.6,224.6,-6.6,-0.3,-0.3,79.9,17:10:40,62.500000,33.385521,-117.495689,10,DROP!!!,75.3,TRUE,FALSE,FALSE,0.0,0.0,0.0
154,1083,00:08:17,F,LAUNCH_PAD,35.9,23.1,100.7,4.0,0.1,154.6,-149.9,56.9,-9.2,0.9,-1.5,167.0,17:10:41,64.300003,33.385574,-117.495598,10,DROP!!!,75.3,TRUE,FALSE,FALSE,0.0,0.0,0.0
155,1083,00:08:18,F,LAUNCH_PAD,28.5,23.1,100.8,3.9,0.2,64.5,-42.4,18.9,-13.2,1.5,-1.0,275.5,17:10:42,65.400002,33.385555,-117.495621,10,DROP!!!,75.3,TRUE,FALSE,FALSE,0.0,0.0,0.0
156,1083,00:08:19,F,LAUNCH_PAD,22.0,23.1,100.9,4.0,0.0,115.3,-64.9,12.1,-11.3,0.8,-2.8,22.2,17:10:43,66.300003,33.385536,-117.495644,9,DROP!!!,75.3,TRUE,FALSE,FALSE,0.0,0.0,0.0
157,1083,00:08:20,F,LAUNCH_PAD,16.1,23.1,101.0,3.9,0.4,163.2,-84.6,181.4,-11.8,-0.8,-3.6,218.8,17:10:44,66.699997,33.385551,-117.495499,10,DROP!!!,75.3,TRUE,FALSE,FALSE,0.0,0.0,0.0
158,1083,00:08:21,F,LAUNCH_PAD,9.0,22.9,101.0,3.9,0.1,168.9,73.9,338.5,-13.7,-0.4,-3.3,179.3,17:10:45,66.900002,33.385529,-117.495499,10,DROP!!!,75.3,TRUE,FALSE,FALSE,0.0,0.0,0.0
