TEAM_ID,MISSION_TIME,PACKET_COUNT,MODE,STATE,ALTITUDE,TEMPERATURE,PRESSURE,VOLTAGE,CURRENT,GYRO_R,GYRO_P,GYRO_Y,ACCEL_R,ACCEL_P,ACCEL_Y,HEADING,GPS_TIME,GPS_ALTITUDE,GPS_LATITUDE,GPS_LONGITUDE,GPS_SATS,CMD_ECHO,MAX_ALTITUDE,CONTAINER_RELEASED,PAYLOAD_RELEASED,PARAGLIDER_ACTIVE,TARGET_LATITUDE,TARGET_LONGITUDE,CAM_DIRECTION
1,1083,00:00:01,F,LAUNCH_PAD,0.4,24.0,100.7,4.1,0.0,-8.1,-20.2,4.3,6.0,6.4,-4.3,38.4,23:59:48,0.000000,0.000000,0.000000,0,CAL,0.4,FALSE,FALSE,FALSE,0.0,0.0,0.0
2,1083,00:00:03,F,LAUNCH_PAD,0.4,24.0,100.7,4.1,0.0,0.4,0.2,-2.1,5.5,7.2,-3.7,116.0,23:59:50,0.000000,0.000000,0.000000,0,CAL,0.4,FALSE,FALSE,FALSE,0.0,0.0,0.0
3,1083,00:00:04,F,LAUNCH_PAD,-0.1,24.1,100.7,4.1,0.0,0.6,-0.2,-1.2,5.5,7.2,-3.7,116.1,23:59:51,0.000000,0.000000,0.000000,0,CAL,0.4,FALSE,FALSE,FALSE,0.0,0.0,0.0
4,1083,00:00:05,F,LAUNCH_PAD,-0.5,24.1,100.7,4.1,0.0,-1.2,0.6,0.8,5.3,7.3,-3.5,114.4,23:59:52,0.000000,0.000000,0.000000,0,CAL,0.4,FALSE,FALSE,FALSE,0.0,0.0,0.0
5,1083,00:00:06,F,LAUNCH_PAD,-0.3,24.1,100.7,4.1,0.0,-4.6,-4.9,1.8,5.3,7.3,-3.5,115.0,23:59:53,0.000000,0.000000,0.000000,0,CAL,0.4,FALSE,FALSE,FALSE,0.0,0.0,0.0
6,1083,00:00:07,F,LAUNCH_PAD,-0.1,24.1,100.7,4.1,0.0,-0.2,11.6,-5.4,4.8,8.7,-1.7,115.1,23:59:54,0.000000,0.000000,0.000000,0,CAL,0.4,FALSE,FALSE,FALSE,0.0,0.0,0.0
7,1083,00:00:08,F,LAUNCH_PAD,0.1,24.1,100.7,4.1,0.0,-26.9,-36.5,11.2,5.9,7.2,-3.0,126.9,02:35:95,0.000000,0.000000,0.000000,0,CAL,0.4,FALSE,FALSE,FALSE,0.0,0.0,0.0
8,1083,00:00:09,F,LAUNCH_PAD,-0.4,24.2,100.7,4.1,0.0,19.8,17.6,-8.6,5.0,7.4,-3.3,99.6,23:59:56,0.000000,0.000000,0.000000,0,CAL,0.4,FALSE,FALSE,FALSE,0.0,0.0,0.0
9,1083,00:00:10,F,LAUNCH_PAD,-0.7,24.2,100.7,4.1,0.0,1.2,-0.8,0.1,4.7,7.6,-3.7,97.1,23:59:57,0.000000,0.000000,0.000000,0,CAL,0.4,FALSE,FALSE,FALSE,0.0,0.0,0.0
10,1083,00:00:11,F,LAUNCH_PAD,-0.3,24.2,100.7,4.1,0.0,0.5,7.2,-0.8,4.8,7.2,-3.7,105.1,23:59:58,0.000000,0.000000,0.000000,0,CAL,0.4,FALSE,FALSE,FALSE,0.0,0.0,0.0
11,1083,00:00:12,F,LAUNCH_PAD,-0.6,24.3,100.8,4.1,0.0,0.5,5.2,-3.4,4.9,7.6,-3.8,106.1,23:59:59,0.000000,0.000000,0.000000,0,CAL,0.4,FALSE,FALSE,FALSE,0.0,0.0,0.0
12,1083,00:00:13,F,LAUNCH_PAD,-0.3,24.3,100.7,4.1,0.0,3.5,4.3,-1.4,4.8,7.5,-4.0,106.1,00:00:00,0.000000,0.000000,0.000000,0,CAL,0.4,FALSE,FALSE,FALSE,0.0,0.0,0.0
13,1083,00:00:14,F,LAUNCH_PAD,-0.1,24.3,100.7,4.1,0.0,0.8,-0.6,-1.7,4.8,7.5,-4.0,103.7,00:00:01,0.000000,0.000000,0.000000,0,CAL,0.4,FALSE,FALSE,FALSE,0.0,0.0,0.0
14,1083,00:00:15,F,LAUNCH_PAD,-0.6,24.3,100.7,4.1,0.0,-1.6,-1.3,0.8,4.7,7.6,-3.8,104.6,00:00:02,0.000000,0.000000,0.000000,0,CAL,0.4,FALSE,FALSE,FALSE,0.0,0.0,0.0
15,1083,00:00:16,F,LAUNCH_PAD,-0.8,24.4,100.8,4.1,0.0,-1.0,-2.9,0.2,4.6,7.8,-4.0,104.8,00:00:03,0.000000,0.000000,0.000000,0,CAL,0.4,FALSE,FALSE,FALSE,0.0,0.0,0.0
16,1083,00:00:17,F,LAUNCH_PAD,0.4,24.4,100.7,4.1,0.0,-0.8,0.6,0.8,4.6,7.7,-3.8,105.1,00:00:04,0.000000,0.000000,0.000000,0,CAL,0.4,FALSE,FALSE,FALSE,0.0,0.0,0.0
17,1083,00:00:18,F,LAUNCH_PAD,-0.5,24.4,100.7,4.1,0.0,-0.5,-0.6,-0.2,4.6,7.8,-3.9,106.0,00:00:05,0.000000,0.000000,0.000000,0,CAL,0.4,FALSE,FALSE,FALSE,0.0,0.0,0.0
18,1083,00:00:19,F,LAUNCH_PAD,-0.5,24.4,100.7,4.1,0.0,0.1,-0.2,0.6,4.6,7.7,-3.9,106.2,00:00:06,0.000000,0.000000,0.000000,0,CAL,0.4,FALSE,FALSE,FALSE,0.0,0.0,0.0
19,1083,00:00:20,F,LAUNCH_PAD,-0.1,24.5,100.7,4.1,0.0,7.8,2.6,4.4,4.9,7.4,-3.5,105.9,00:00:07,0.000000,0.000000,0.000000,0,CAL,0.4,FALSE,FALSE,FALSE,0.0,0.0,0.0
20,1083,00:00:21,F,LAUNCH_PAD,0.3,24.5,100.7,4.1,0.0,-10.9,-14.1,0.4,4.3,7.2,-3.2,113.1,00:00:08,0.000000,0.000000,0.000000,0,CAL,0.4,FALSE,FALSE,FALSE,0.0,0.0,0.0
21,1083,00:00:23,F,LAUNCH_PAD,-0.1,24.5,100.7,4.1,0.0,5.2,5.4,-0.1,4.9,7.6,-3.7,111.0,00:00:09,0.000000,0.000000,0.000000,0,MECCONTON,0.7,TRUE,FALSE,FALSE,0.0,0.0,0.0
22,1083,00:00:24,F,LAUNCH_PAD,-0.4,24.5,100.7,4.1,0.0,-20.1,5.9,21.4,-1.6,8.2,-3.4,119.4,00:00:11,0.000000,0.000000,0.000000,0,MECCONTON,0.7,TRUE,FALSE,FALSE,0.0,0.0,0.0
23,1083,00:00:25,F,LAUNCH_PAD,-0.4,24.6,100.7,4.1,0.0,-7.7,-6.1,20.7,0.5,9.6,-3.7,126.6,00:00:12,0.000000,0.000000,0.000000,0,MECCONTON,0.7,TRUE,FALSE,FALSE,0.0,0.0,0.0
24,1083,00:00:26,F,LAUNCH_PAD,-0.2,24.6,100.7,4.1,0.0,0.6,3.4,2.1,0.4,9.1,-3.4,126.1,00:00:13,0.000000,0.000000,0.000000,0,MECCONTON,0.7,TRUE,FALSE,FALSE,0.0,0.0,0.0
25,1083,00:00:27,F,LAUNCH_PAD,-0.5,24.6,100.7,4.1,0.0,3.7,0.7,-10.0,1.9,8.4,-2.9,130.8,00:00:14,0.000000,0.000000,0.000000,0,MECCONTON,0.7,TRUE,FALSE,FALSE,0.0,0.0,0.0
26,1083,00:00:28,F,LAUNCH_PAD,-0.4,24.7,100.7,4.1,0.0,5.9,-7.8,-4.9,0.9,8.7,-4.1,128.8,00:00:15,0.000000,0.000000,0.000000,0,MECCONTON,0.7,TRUE,FALSE,FALSE,0.0,0.0,0.0
27,1083,00:00:29,F,LAUNCH_PAD,-0.4,24.7,100.7,4.1,0.0,-9.1,-8.5,3.4,1.3,8.8,-3.9,133.9,00:00:16,0.000000,0.000000,0.000000,0,MECCONTON,0.7,TRUE,FALSE,FALSE,0.0,0.0,0.0
28,1083,00:00:30,F,LAUNCH_PAD,0.2,24.7,100.7,4.1,0.0,2.0,-2.7,-1.8,1.3,9.0,-3.9,133.8,00:00:17,0.000000,0.000000,0.000000,0,MECCONTON,0.7,TRUE,FALSE,FALSE,0.0,0.0,0.0
29,1083,00:00:31,F,LAUNCH_PAD,0.2,24.7,100.7,4.1,0.0,0.8,0.6,-1.9,1.5,8.8,-4.0,137.6,00:00:18,0.000000,0.000000,0.000000,0,MECCONTON,0.7,TRUE,FALSE,FALSE,0.0,0.0,0.0
30,1083,00:00:32,F,LAUNCH_PAD,-0.7,24.7,100.7,4.1,0.0,-2.5,-1.0,-0.3,1.0,8.8,-3.9,137.9,00:00:19,0.000000,0.000000,0.000000,0,MECCONTON,0.7,TRUE,FALSE,FALSE,0.0,0.0,0.0
31,1083,00:00:33,F,LAUNCH_PAD,-0.1,24.7,100.7,4.1,0.0,6.8,-0.4,-2.8,0.4,9.1,-3.5,136.6,00:00:20,0.000000,0.000000,0.000000,0,MECCONTON,0.7,TRUE,FALSE,FALSE,0.0,0.0,0.0
32,1083,00:00:34,F,LAUNCH_PAD,0.0,24.8,100.7,4.1,0.0,9.6,21.4,-15.7,1.7,8.1,-5.3,118.8,00:00:21,0.000000,0.000000,0.000000,0,MECCONTON,0.7,TRUE,FALSE,FALSE,0.0,0.0,0.0
33,1083,00:00:35,F,LAUNCH_PAD,-0.1,24.8,100.7,4.1,0.0,-9.2,-11.8,-1.3,1.6,9.3,-3.1,108.5,00:00:22,0.000000,0.000000,0.000000,0,MECCONTON,0.7,TRUE,FALSE,FALSE,0.0,0.0,0.0
34,1083,00:00:36,F,LAUNCH_PAD,-0.1,24.8,100.7,4.1,0.0,-2.1,-8.6,0.5,2.0,9.2,-2.9,109.1,00:00:23,0.000000,0.000000,0.000000,0,MECCONTOFF,0.7,FALSE,FALSE,FALSE,0.0,0.0,0.0
35,1083,00:00:37,F,LAUNCH_PAD,-0.2,24.8,100.7,4.1,0.0,-3.2,-26.2,15.7,0.7,8.8,-3.5,141.0,00:00:25,0.000000,0.000000,0.000000,0,MECCONTOFF,0.7,FALSE,FALSE,FALSE,0.0,0.0,0.0
36,1083,00:00:38,F,LAUNCH_PAD,0.2,24.8,100.7,4.1,0.0,14.9,15.1,-1.9,1.2,8.4,-3.5,135.9,00:00:26,0.000000,0.000000,0.000000,0,MECCONTOFF,0.7,FALSE,FALSE,FALSE,0.0,0.0,0.0
37,1083,00:00:39,F,LAUNCH_PAD,-0.1,24.8,100.7,4.0,0.0,-1.8,13.2,-12.9,1.1,7.3,-4.7,135.3,00:00:27,0.000000,0.000000,0.000000,0,MECCONTOFF,0.7,FALSE,FALSE,FALSE,0.0,0.0,0.0
38,1083,00:00:40,F,LAUNCH_PAD,-0.6,24.9,100.7,4.1,0.0,6.9,-11.8,14.1,2.1,9.2,-5.1,148.2,00:00:02,0.000000,0.000000,0.000000,0,MECCONTOFF,0.7,FALSE,FALSE,FALSE,0.0,0.0,0.0
39,1083,00:00:41,F,LAUNCH_PAD,-0.4,24.9,100.7,4.1,0.0,13.2,-20.5,13.3,4.5,7.3,-2.4,151.3,00:00:30,0.000000,0.000000,0.000000,0,MECCONTOFF,0.7,FALSE,FALSE,FALSE,0.0,0.0,0.0
40,1083,00:00:42,F,LAUNCH_PAD,-0.2,24.9,100.7,4.1,0.0,22.0,-30.3,-2.9,4.1,6.5,-7.2,151.2,00:00:31,0.000000,0.000000,0.000000,0,MECCONTOFF,0.7,FALSE,FALSE,FALSE,0.0,0.0,0.0
41,1083,00:00:43,F,LAUNCH_PAD,-1.0,24.9,100.8,4.1,0.0,23.2,1.8,-0.2,2.5,5.9,-6.5,151.4,00:00:32,0.000000,0.000000,0.000000,0,MECCONTOFF,0.7,FALSE,FALSE,FALSE,0.0,0.0,0.0
42,1083,00:00:44,F,LAUNCH_PAD,-0.4,24.9,100.7,4.1,0.0,-53.0,-9.6,-40.1,-0.1,9.0,-3.5,209.2,00:00:33,0.000000,0.000000,0.000000,0,MECCONTOFF,0.7,FALSE,FALSE,FALSE,0.0,0.0,0.0
43,1083,00:00:45,F,LAUNCH_PAD,-0.4,24.9,100.7,4.1,0.0,76.8,61.9,34.6,-1.2,10.2,-1.9,192.4,00:00:34,0.000000,0.000000,0.000000,0,MECCONTOFF,0.7,FALSE,FALSE,FALSE,0.0,0.0,0.0
44,1083,00:00:46,F,LAUNCH_PAD,0.1,24.9,100.7,4.1,0.0,41.6,15.3,14.4,3.0,5.0,-7.8,137.9,00:00:35,0.000000,0.000000,0.000000,0,MECCONTOFF,0.7,FALSE,FALSE,FALSE,0.0,0.0,0.0
45,1083,00:00:47,F,LAUNCH_PAD,-0.3,24.9,100.7,4.1,0.0,-7.6,-18.8,2.3,2.9,2.9,-8.8,150.8,00:00:36,0.000000,0.000000,0.000000,0,MECCONTOFF,0.7,FALSE,FALSE,FALSE,0.0,0.0,0.0
46,1083,00:00:48,F,LAUNCH_PAD,-0.4,24.9,100.7,4.1,0.0,36.9,37.6,4.9,1.3,5.8,-8.1,140.9,00:00:37,0.000000,0.000000,0.000000,0,MECCONTOFF,0.7,FALSE,FALSE,FALSE,0.0,0.0,0.0
47,1083,00:00:49,F,LAUNCH_PAD,0.0,24.9,100.7,4.1,0.0,16.7,-8.2,4.9,4.0,2.3,-7.7,156.4,00:00:38,0.000000,0.000000,0.000000,0,MECCONTOFF,0.7,FALSE,FALSE,FALSE,0.0,0.0,0.0
48,1083,00:00:50,F,LAUNCH_PAD,-0.5,25.0,100.7,4.1,0.0,-23.1,-17.1,-7.5,2.9,0.1,-8.4,176.8,00:00:39,0.000000,0.000000,0.000000,0,MECCONTOFF,0.7,FALSE,FALSE,FALSE,0.0,0.0,0.0
49,1083,00:00:51,F,LAUNCH_PAD,-0.0,25.0,100.7,4.1,0.0,-7.6,-16.3,-2.8,1.9,2.8,-8.0,168.8,00:00:40,0.000000,0.000000,0.000000,0,MECCONTOFF,0.7,FALSE,FALSE,FALSE,0.0,0.0,0.0
50,1083,00:00:52,F,LAUNCH_PAD,-0.0,25.0,100.7,4.1,0.0,9.3,0.4,-4.6,1.0,1.7,-8.6,174.5,00:00:41,0.000000,0.000000,0.000000,0,MECCONTOFF,0.7,FALSE,FALSE,FALSE,0.0,0.0,0.0
51,1083,00:00:53,F,LAUNCH_PAD,-0.1,25.0,100.7,4.1,0.0,-17.0,-33.0,14.0,0.0,1.7,-8.4,177.3,00:00:42,0.000000,0.000000,0.000000,0,MECCONTOFF,0.7,FALSE,FALSE,FALSE,0.0,0.0,0.0
52,1083,00:00:54,F,LAUNCH_PAD,-0.0,25.0,100.7,4.1,0.0,37.6,35.1,-43.2,0.9,1.5,-8.3,166.0,00:00:43,0.000000,0.000000,0.000000,0,MECCONTOFF,0.7,FALSE,FALSE,FALSE,0.0,0.0,0.0
53,1083,00:00:55,F,LAUNCH_PAD,0.1,25.0,100.7,4.1,0.0,1.5,-3.9,-2.9,2.9,-3.0,-7.6,195.8,00:00:44,0.000000,0.000000,0.000000,0,MECCONTOFF,0.7,FALSE,FALSE,FALSE,0.0,0.0,0.0
54,1083,00:00:56,F,LAUNCH_PAD,-0.2,25.0,100.7,4.1,0.0,6.8,0.7,-7.8,3.7,-6.3,-5.3,219.7,00:00:45,0.000000,0.000000,0.000000,0,MECCONTOFF,0.7,FALSE,FALSE,FALSE,0.0,0.0,0.0
55,1083,00:00:57,F,LAUNCH_PAD,0.4,25.0,100.7,4.1,0.0,21.1,2.2,-5.1,4.2,-7.0,-5.4,225.6,00:00:46,0.000000,0.000000,0.000000,0,MECCONTOFF,0.7,FALSE,FALSE,FALSE,0.0,0.0,0.0
56,1083,00:00:58,F,LAUNCH_PAD,-0.8,25.0,100.7,4.1,0.0,-1.2,-1.1,0.3,4.0,-6.7,-5.7,222.2,00:00:47,0.000000,0.000000,0.000000,0,MECCONTOFF,0.7,FALSE,FALSE,FALSE,0.0,0.0,0.0
57,1083,00:00:59,F,LAUNCH_PAD,-0.1,25.0,100.7,4.0,0.1,0.1,1.8,-0.0,4.0,-6.7,-5.9,224.1,00:00:48,0.000000,0.000000,0.000000,0,MECCONTOFF,0.7,FALSE,FALSE,FALSE,0.0,0.0,0.0
58,1083,00:01:00,F,LAUNCH_PAD,-0.2,25.0,100.7,4.1,0.0,-6.9,2.8,-0.0,4.0,-7.0,-5.7,227.6,00:00:49,0.000000,0.000000,0.000000,0,MECCONTOFF,0.7,FALSE,FALSE,FALSE,0.0,0.0,0.0
59,1083,00:01:01,F,LAUNCH_PAD,-0.0,25.0,100.7,4.1,0.0,-26.1,-6.5,25.8,4.0,-5.8,-5.9,224.4,00:00:50,0.000000,0.000000,0.000000,0,MECCONTOFF,0.7,FALSE,FALSE,FALSE,0.0,0.0,0.0
60,1083,00:01:02,F,LAUNCH_PAD,-0.5,25.1,100.7,4.1,0.0,-28.2,-0.1,5.8,-1.6,-0.3,-9.8,192.6,00:00:51,0.000000,0.000000,0.000000,0,MECCONTOFF,0.7,FALSE,FALSE,FALSE,0.0,0.0,0.0
61,1083,00:01:03,F,LAUNCH_PAD,0.0,25.0,100.7,4.1,0.0,69.9,17.1,-10.6,-0.5,0.3,-10.4,191.6,00:00:52,0.000000,0.000000,0.000000,0,MECCONTOFF,0.7,FALSE,FALSE,FALSE,0.0,0.0,0.0
62,1083,00:01:04,F,LAUNCH_PAD,0.4,25.0,100.7,4.1,0.0,7.8,-7.7,4.4,1.5,-7.1,-7.2,219.5,00:00:53,0.000000,0.000000,0.000000,0,MECCONTOFF,0.7,FALSE,FALSE,FALSE,0.0,0.0,0.0
63,1083,00:01:05,F,LAUNCH_PAD,-0.5,25.1,100.7,4.1,0.0,16.9,6.2,-12.1,2.1,-6.3,-6.6,130.5,00:00:54,0.000000,0.000000,0.000000,0,MECCONTOFF,0.7,FALSE,FALSE,FALSE,0.0,0.0,0.0
64,1083,00:01:06,F,LAUNCH_PAD,-0.4,25.0,100.7,4.1,0.0,3.9,-54.4,-69.6,-2.6,-3.5,-9.5,179.3,00:00:55,0.000000,0.000000,0.000000,0,MECCONTOFF,0.7,FALSE,FALSE,FALSE,0.0,0.0,0.0
65,1083,00:01:07,F,LAUNCH_PAD,0.1,25.1,100.7,4.1,0.0,-10.4,-9.2,-3.4,0.9,-2.1,-8.6,151.4,00:00:56,0.000000,0.000000,0.000000,0,MECCONTOFF,0.7,FALSE,FALSE,FALSE,0.0,0.0,0.0
66,1083,00:01:08,F,LAUNCH_PAD,-0.1,25.1,100.7,4.1,0.0,29.6,8.1,-13.5,-0.3,-3.2,-8.9,137.1,00:00:57,0.000000,0.000000,0.000000,0,MECCONTOFF,0.7,FALSE,FALSE,FALSE,0.0,0.0,0.0
67,1083,00:01:09,F,LAUNCH_PAD,-0.1,25.0,100.7,4.1,0.0,20.1,-9.6,-0.4,2.6,-5.2,-7.8,131.6,00:00:58,0.000000,0.000000,0.000000,0,MECCONTOFF,0.7,FALSE,FALSE,FALSE,0.0,0.0,0.0
68,1083,00:01:10,F,LAUNCH_PAD,-0.3,25.1,100.7,4.1,0.0,8.4,8.8,-1.6,1.4,-5.6,-8.6,134.8,00:00:58,0.000000,0.000000,0.000000,0,MECCONTOFF,0.7,FALSE,FALSE,FALSE,0.0,0.0,0.0
69,1083,00:01:11,F,LAUNCH_PAD,-1.2,25.1,100.8,4.1,0.0,1.8,-1.2,1.4,1.8,-5.6,-8.1,139.0,00:01:00,0.000000,0.000000,0.000000,0,MECCONTOFF,0.7,FALSE,FALSE,FALSE,0.0,0.0,0.0
70,1083,00:01:12,F,LAUNCH_PAD,0.0,25.1,100.7,4.1,0.0,-0.7,0.8,0.2,1.7,-5.4,-8.1,138.5,00:01:01,0.000000,0.000000,0.000000,0,MECCONTOFF,0.7,FALSE,FALSE,FALSE,0.0,0.0,0.0
71,1083,00:01:13,F,LAUNCH_PAD,0.0,25.1,100.7,4.1,0.0,2.2,-0.6,0.5,1.9,-5.6,-8.0,139.7,00:01:02,0.000000,0.000000,0.000000,0,MECCONTOFF,0.7,FALSE,FALSE,FALSE,0.0,0.0,0.0
72,1083,00:01:14,F,LAUNCH_PAD,-0.4,25.1,100.7,4.1,0.0,0.2,8.5,17.9,1.6,-3.2,-8.6,144.5,00:01:03,0.000000,0.000000,0.000000,0,MECCONTOFF,0.7,FALSE,FALSE,FALSE,0.0,0.0,0.0
73,1083,00:01:15,F,LAUNCH_PAD,-0.3,25.1,100.7,4.1,0.0,0.2,1.9,-7.6,2.6,-4.1,-8.0,144.0,00:01:04,0.000000,0.000000,0.000000,0,MECCONTOFF,0.7,FALSE,FALSE,FALSE,0.0,0.0,0.0
74,1083,00:01:16,F,LAUNCH_PAD,-0.2,25.1,100.7,4.1,0.0,-3.1,-0.9,-5.2,2.7,-4.5,-8.4,141.4,00:01:05,0.000000,0.000000,0.000000,0,MECCONTOFF,0.7,FALSE,FALSE,FALSE,0.0,0.0,0.0
75,1083,00:01:18,F,LAUNCH_PAD,0.3,25.1,100.7,4.1,0.0,3.1,1.7,1.4,2.9,-4.2,-8.2,140.4,00:01:06,0.000000,0.000000,0.000000,0,MECCONTON,0.7,TRUE,FALSE,FALSE,0.0,0.0,0.0
76,1083,00:01:19,F,LAUNCH_PAD,0.1,25.2,100.7,4.1,0.0,-146.6,-0.2,34.0,3.1,-3.7,-8.0,139.6,00:01:08,0.000000,0.000000,0.000000,0,MECCONTON,0.7,TRUE,FALSE,FALSE,0.0,0.0,0.0
77,1083,00:01:20,F,LAUNCH_PAD,-0.5,25.2,100.7,4.1,0.0,60.8,8.1,-10.9,3.3,0.2,-9.4,123.8,00:01:09,0.000000,0.000000,0.000000,0,MECCONTON,0.7,TRUE,FALSE,FALSE,0.0,0.0,0.0
78,1083,00:01:21,F,LAUNCH_PAD,-0.5,25.2,100.7,4.1,0.0,-1.3,3.1,3.6,4.3,-2.9,-8.3,139.0,00:01:10,0.000000,0.000000,0.000000,0,MECCONTON,0.7,TRUE,FALSE,FALSE,0.0,0.0,0.0
79,1083,00:01:22,F,LAUNCH_PAD,-0.3,25.2,100.7,4.1,0.0,-3.4,0.2,0.6,4.4,-3.0,-8.5,141.9,00:01:11,0.000000,0.000000,0.000000,0,MECCONTON,0.7,TRUE,FALSE,FALSE,0.0,0.0,0.0
80,1083,00:01:23,F,LAUNCH_PAD,-0.1,25.2,100.7,4.1,0.0,3.7,-12.1,0.4,4.4,-2.8,-7.4,137.7,00:01:12,0.000000,0.000000,0.000000,0,MECCONTON,0.7,TRUE,FALSE,FALSE,0.0,0.0,0.0
81,1083,00:01:24,F,LAUNCH_PAD,-0.4,25.2,100.7,4.1,0.0,0.7,1.9,-0.9,3.9,-4.3,-7.7,146.9,00:01:13,0.000000,0.000000,0.000000,0,MECCONTON,0.7,TRUE,FALSE,FALSE,0.0,0.0,0.0
82,1083,00:01:25,F,LAUNCH_PAD,-0.1,25.2,100.7,4.1,0.0,-10.2,5.3,1.7,3.9,-2.7,-8.6,140.6,00:01:14,0.000000,0.000000,0.000000,0,MECCONTON,0.7,TRUE,FALSE,FALSE,0.0,0.0,0.0
83,1083,00:01:26,F,LAUNCH_PAD,-0.7,25.2,100.8,4.1,0.0,-0.6,-0.4,-1.5,4.3,-2.6,-8.5,139.1,00:01:15,0.000000,0.000000,0.000000,0,MECCONTON,0.7,TRUE,FALSE,FALSE,0.0,0.0,0.0
84,1083,00:01:27,F,LAUNCH_PAD,-0.7,25.2,100.8,4.1,0.0,3.5,3.1,0.2,4.4,-2.8,-8.3,139.4,00:01:15,0.000000,0.000000,0.000000,0,MECCONTOFF,0.7,FALSE,FALSE,FALSE,0.0,0.0,0.0
85,1083,00:01:28,F,LAUNCH_PAD,-0.2,25.3,100.7,4.1,0.0,58.2,24.8,-64.0,1.1,-2.2,-8.7,150.9,00:01:18,0.000000,0.000000,0.000000,0,MECCONTOFF,0.7,FALSE,FALSE,FALSE,0.0,0.0,0.0
86,1083,00:01:29,F,LAUNCH_PAD,-0.7,25.3,100.7,4.1,0.0,1.9,3.0,-0.8,3.6,-4.9,-7.8,163.1,00:01:19,0.000000,0.000000,0.000000,0,MECCONTOFF,0.7,FALSE,FALSE,FALSE,0.0,0.0,0.0
87,1083,00:01:30,F,LAUNCH_PAD,-0.6,25.3,100.7,4.1,0.0,-6.6,-1.6,0.9,3.7,-4.2,-8.0,158.3,00:01:20,0.000000,0.000000,0.000000,0,MECCONTOFF,0.7,FALSE,FALSE,FALSE,0.0,0.0,0.0
88,1083,00:01:32,F,LAUNCH_PAD,-0.6,25.3,100.7,4.1,0.0,2.9,-2.8,-1.4,3.5,-4.1,-8.2,154.9,00:01:20,0.000000,0.000000,0.000000,0,MECCONTON,0.7,TRUE,FALSE,FALSE,0.0,0.0,0.0
89,1083,00:01:33,F,LAUNCH_PAD,-0.5,25.3,100.7,4.1,0.0,2.6,-3.8,6.2,3.5,-3.7,-8.4,148.8,00:01:23,0.000000,0.000000,0.000000,0,MECCONTON,0.7,TRUE,FALSE,FALSE,0.0,0.0,0.0
90,1083,00:01:34,F,LAUNCH_PAD,-1.1,25.3,100.8,4.1,0.0,-12.2,23.5,51.9,0.7,-3.5,-9.7,180.3,00:01:24,0.000000,0.000000,0.000000,0,MECCONTON,0.7,TRUE,FALSE,FALSE,0.0,0.0,0.0
91,1083,00:01:35,F,LAUNCH_PAD,-0.7,25.3,100.7,4.1,0.0,3.1,4.2,-4.2,2.0,-7.2,-5.7,131.9,00:01:25,0.000000,0.000000,0.000000,0,MECCONTON,0.7,TRUE,FALSE,FALSE,0.0,0.0,0.0
92,1083,00:01:36,F,LAUNCH_PAD,-0.3,25.3,100.7,4.1,0.0,-1.1,0.2,-5.1,1.5,-7.3,-6.0,130.0,00:01:26,0.000000,0.000000,0.000000,0,MECCONTON,0.7,TRUE,FALSE,FALSE,0.0,0.0,0.0
93,1083,00:01:37,F,LAUNCH_PAD,-1.2,25.3,100.8,4.1,0.0,-0.8,0.4,0.6,3.5,-4.3,-7.6,197.8,00:01:27,0.000000,0.000000,0.000000,0,MECCONTON,0.7,TRUE,FALSE,FALSE,0.0,0.0,0.0
94,1083,00:01:38,F,LAUNCH_PAD,-0.4,25.3,100.7,4.1,0.0,-18.6,-23.4,12.4,2.2,-4.3,-8.5,194.6,00:01:28,0.000000,0.000000,0.000000,0,MECCONTON,0.7,TRUE,FALSE,FALSE,0.0,0.0,0.0
95,1083,00:01:39,F,LAUNCH_PAD,-0.2,25.3,100.7,4.1,0.0,-29.4,26.7,-16.8,2.9,-2.9,-9.0,183.3,00:01:29,0.000000,0.000000,0.000000,0,MECCONTON,0.7,TRUE,FALSE,FALSE,0.0,0.0,0.0
96,1083,00:01:40,F,LAUNCH_PAD,-0.3,25.3,100.7,4.1,0.0,21.2,5.0,6.9,4.4,-2.9,-7.4,185.3,00:01:30,0.000000,0.000000,0.000000,0,MECCONTON,0.7,TRUE,FALSE,FALSE,0.0,0.0,0.0
97,1083,00:01:41,F,LAUNCH_PAD,-0.5,25.3,100.7,4.1,0.0,56.1,23.8,-3.8,0.5,-9.5,-4.3,142.6,00:01:31,0.000000,0.000000,0.000000,0,MECCONTON,0.7,TRUE,FALSE,FALSE,0.0,0.0,0.0
98,1083,00:01:42,F,LAUNCH_PAD,-0.2,25.4,100.7,4.1,0.0,-9.2,-0.9,-0.5,1.5,-9.0,-3.4,152.2,00:01:32,0.000000,0.000000,0.000000,0,MECCONTON,0.7,TRUE,FALSE,FALSE,0.0,0.0,0.0
99,1083,00:01:43,F,LAUNCH_PAD,-0.0,25.3,100.7,4.1,0.0,-7.2,31.3,21.4,0.3,-8.5,-4.5,151.1,00:01:33,0.000000,0.000000,0.000000,0,MECCONTON,0.7,TRUE,FALSE,FALSE,0.0,0.0,0.0
100,1083,00:01:44,F,LAUNCH_PAD,-0.6,25.3,100.7,4.1,0.0,1.2,-4.6,0.1,2.4,-9.1,-2.6,160.7,00:01:34,0.000000,0.000000,0.000000,0,MECCONTON,0.7,TRUE,FALSE,FALSE,0.0,0.0,0.0
101,1083,00:01:45,F,LAUNCH_PAD,0.2,25.3,100.7,4.1,0.0,-24.0,3.2,2.0,2.3,-8.2,-3.7,151.2,00:01:35,0.000000,0.000000,0.000000,0,MECCONTON,0.7,TRUE,FALSE,FALSE,0.0,0.0,0.0
102,1083,00:01:46,F,LAUNCH_PAD,-0.8,25.3,100.8,4.1,0.0,4.1,5.4,-3.2,5.1,-4.0,-7.1,203.4,00:01:36,0.000000,0.000000,0.000000,0,MECCONTON,0.7,TRUE,FALSE,FALSE,0.0,0.0,0.0
103,1083,00:01:47,F,LAUNCH_PAD,-0.7,25.3,100.7,4.1,0.0,-1.6,-0.6,0.1,4.9,-4.0,-7.6,203.9,00:01:36,0.000000,0.000000,0.000000,0,MECCONTON,0.7,TRUE,FALSE,FALSE,0.0,0.0,0.0
104,1083,00:01:48,F,LAUNCH_PAD,-0.5,25.3,100.7,4.1,0.0,5.4,-1.8,5.2,5.2,-3.7,-7.4,201.1,00:01:38,0.000000,0.000000,0.000000,0,MECCONTON,0.7,TRUE,FALSE,FALSE,0.0,0.0,0.0
105,1083,00:01:49,F,LAUNCH_PAD,-0.7,25.4,100.7,4.1,0.0,1.9,1.2,-0.4,4.7,-4.0,-7.8,204.6,00:01:39,0.000000,0.000000,0.000000,0,MECCONTON,0.7,TRUE,FALSE,FALSE,0.0,0.0,0.0
106,1083,00:01:50,F,LAUNCH_PAD,0.1,25.4,100.7,4.1,0.0,-0.5,0.7,1.9,4.9,-4.3,-7.2,204.2,00:01:40,0.000000,0.000000,0.000000,0,MECCONTON,0.7,TRUE,FALSE,FALSE,0.0,0.0,0.0
107,1083,00:01:51,F,LAUNCH_PAD,-0.0,25.4,100.7,4.1,0.0,-44.5,-62.2,33.2,2.2,-3.9,-10.7,198.4,00:01:41,0.000000,0.000000,0.000000,0,MECCONTON,0.7,TRUE,FALSE,FALSE,0.0,0.0,0.0
108,1083,00:01:52,F,LAUNCH_PAD,-0.1,25.4,100.7,4.1,0.0,4.4,6.4,0.7,2.8,-1.9,-9.2,194.1,00:01:42,0.000000,0.000000,0.000000,0,MECCONTON,0.7,TRUE,FALSE,FALSE,0.0,0.0,0.0
109,1083,00:01:53,F,LAUNCH_PAD,0.1,25.4,100.7,4.1,0.0,0.9,-2.4,-0.2,2.8,-2.1,-9.2,195.3,00:01:43,0.000000,0.000000,0.000000,0,MECCONTON,0.7,TRUE,FALSE,FALSE,0.0,0.0,0.0
110,1083,00:01:54,F,LAUNCH_PAD,0.7,25.4,100.7,4.1,0.0,23.9,12.1,-6.4,2.2,-4.0,-7.8,214.6,00:01:44,0.000000,0.000000,0.000000,0,MECCONTON,0.7,TRUE,FALSE,FALSE,0.0,0.0,0.0
111,1083,00:01:55,F,LAUNCH_PAD,-0.4,25.4,100.7,4.1,0.0,79.6,-10.0,-15.2,2.1,-10.2,-0.3,173.2,00:01:45,0.000000,0.000000,0.000000,0,MECCONTON,0.7,TRUE,FALSE,FALSE,0.0,0.0,0.0
112,1083,00:01:56,F,LAUNCH_PAD,-0.4,25.3,100.7,4.1,0.0,44.2,2.1,6.0,5.2,-3.4,7.6,201.3,00:01:46,0.000000,0.000000,0.000000,0,MECCONTON,0.7,TRUE,FALSE,FALSE,0.0,0.0,0.0
113,1083,00:01:57,F,LAUNCH_PAD,-0.3,25.3,100.7,4.1,0.0,6.2,1.7,7.5,6.1,-1.9,7.3,181.9,00:01:47,0.000000,0.000000,0.000000,0,MECCONTON,0.7,TRUE,FALSE,FALSE,0.0,0.0,0.0
114,1083,00:01:58,F,LAUNCH_PAD,-0.3,25.3,100.7,4.1,0.0,-160.3,26.9,-10.8,3.6,-5.9,-9.5,210.8,00:01:48,0.000000,0.000000,0.000000,0,MECCONTON,0.7,TRUE,FALSE,FALSE,0.0,0.0,0.0
115,1083,00:01:59,F,LAUNCH_PAD,-0.4,25.3,100.7,4.1,0.0,3.3,-10.9,6.0,5.6,0.5,-8.1,159.6,00:01:49,0.000000,0.000000,0.000000,0,MECCONTON,0.7,TRUE,FALSE,FALSE,0.0,0.0,0.0
116,1083,00:02:00,F,LAUNCH_PAD,-0.2,25.3,100.7,4.1,0.0,6.5,-6.7,-5.2,4.9,-0.1,-8.1,162.1,00:01:50,0.000000,0.000000,0.000000,0,MECCONTON,0.7,TRUE,FALSE,FALSE,0.0,0.0,0.0
117,1083,00:02:01,F,LAUNCH_PAD,-0.2,25.3,100.7,4.1,0.0,26.2,-3.4,4.1,2.0,-2.6,-9.6,164.1,00:01:51,0.000000,0.000000,0.000000,0,MECCONTON,0.7,TRUE,FALSE,FALSE,0.0,0.0,0.0
118,1083,00:02:02,F,LAUNCH_PAD,-0.6,25.3,100.7,4.1,0.0,7.3,20.4,-53.9,2.9,-5.3,-8.2,155.0,00:01:52,0.000000,0.000000,0.000000,0,MECCONTON,0.7,TRUE,FALSE,FALSE,0.0,0.0,0.0
119,1083,00:02:03,F,LAUNCH_PAD,0.2,25.3,100.7,4.1,0.0,8.8,-23.4,-32.1,3.5,-5.6,-7.4,142.0,00:01:53,0.000000,0.000000,0.000000,0,MECCONTON,0.7,TRUE,FALSE,FALSE,0.0,0.0,0.0
120,1083,00:02:04,F,LAUNCH_PAD,-0.3,25.3,100.7,4.1,0.0,-0.4,-2.8,3.6,3.5,-6.1,-7.1,138.8,00:01:54,0.000000,0.000000,0.000000,0,MECCONTON,0.7,TRUE,FALSE,FALSE,0.0,0.0,0.0
121,1083,00:02:05,F,LAUNCH_PAD,-0.3,25.3,100.7,4.1,0.0,-3.4,-3.1,2.4,3.0,-6.3,-7.1,147.1,00:01:55,0.000000,0.000000,0.000000,0,MECCONTON,0.7,TRUE,FALSE,FALSE,0.0,0.0,0.0
122,1083,00:02:07,F,LAUNCH_PAD,-0.6,25.3,100.7,4.1,0.0,-1.2,-2.9,1.6,2.6,-6.1,-7.2,145.3,00:01:56,0.000000,0.000000,0.000000,0,MECCONTOFF,0.7,FALSE,FALSE,FALSE,0.0,0.0,0.0
123,1083,00:02:08,F,LAUNCH_PAD,-0.2,25.4,100.7,4.1,0.0,-1.2,0.0,0.8,2.7,-6.1,-6.9,147.4,00:01:58,0.000000,0.000000,0.000000,0,MECCONTOFF,0.7,FALSE,FALSE,FALSE,0.0,0.0,0.0
124,1083,00:02:09,F,LAUNCH_PAD,0.2,25.4,100.7,4.1,0.0,-11.0,10.9,17.1,2.6,-7.9,-5.9,90.9,00:01:59,0.000000,0.000000,0.000000,0,MECCONTOFF,0.7,FALSE,FALSE,FALSE,0.0,0.0,0.0
125,1083,00:02:10,F,LAUNCH_PAD,-0.4,25.4,100.7,4.1,0.0,-0.2,-1.8,-3.8,2.6,-7.2,-6.1,87.2,00:02:00,0.000000,0.000000,0.000000,0,MECCONTOFF,0.7,FALSE,FALSE,FALSE,0.0,0.0,0.0
126,1083,00:02:11,F,LAUNCH_PAD,-0.7,25.4,100.7,4.1,0.0,-3.8,-2.4,-8.3,3.1,-7.6,-5.9,87.1,00:02:01,0.000000,0.000000,0.000000,0,MECCONTOFF,0.7,FALSE,FALSE,FALSE,0.0,0.0,0.0
127,1083,00:02:12,F,LAUNCH_PAD,-0.2,25.4,100.7,4.1,0.0,3.3,-3.5,5.2,4.4,-4.1,-7.5,148.3,00:02:02,0.000000,0.000000,0.000000,0,MECCONTOFF,0.7,FALSE,FALSE,FALSE,0.0,0.0,0.0
128,1083,00:02:13,F,LAUNCH_PAD,-0.2,25.4,100.7,4.1,0.0,-3.5,-0.9,8.3,4.1,-4.4,-7.7,153.8,00:02:03,0.000000,0.000000,0.000000,0,MECCONTOFF,0.7,FALSE,FALSE,FALSE,0.0,0.0,0.0
129,1083,00:02:14,F,LAUNCH_PAD,-0.4,25.4,100.7,4.1,0.0,14.4,24.8,-62.9,3.5,-6.5,-5.7,65.5,00:02:04,0.000000,0.000000,0.000000,0,MECCONTOFF,0.7,FALSE,FALSE,FALSE,0.0,0.0,0.0
130,1083,00:02:15,F,LAUNCH_PAD,-0.6,25.4,100.8,4.1,0.0,5.2,-3.1,5.2,2.5,-7.3,-5.8,68.1,00:02:05,0.000000,0.000000,0.000000,0,MECCONTOFF,0.7,FALSE,FALSE,FALSE,0.0,0.0,0.0
131,1083,00:02:16,F,LAUNCH_PAD,-0.2,25.4,100.7,4.1,0.0,1.1,-1.5,1.3,2.3,-7.2,-6.2,66.4,00:02:06,0.000000,0.000000,0.000000,0,MECCONTOFF,0.7,FALSE,FALSE,FALSE,0.0,0.0,0.0
132,1083,00:02:17,F,LAUNCH_PAD,-0.3,25.4,100.7,4.1,0.0,-1.4,2.5,-0.8,2.5,-7.0,-6.1,66.1,00:02:07,0.000000,0.000000,0.000000,0,MECCONTOFF,0.7,FALSE,FALSE,FALSE,0.0,0.0,0.0
133,1083,00:02:18,F,LAUNCH_PAD,-0.2,25.4,100.7,4.1,0.0,-5.0,3.8,-1.0,2.2,-7.6,-5.8,70.9,00:02:08,0.000000,0.000000,0.000000,0,MECCONTOFF,0.7,FALSE,FALSE,FALSE,0.0,0.0,0.0
134,1083,00:02:19,F,LAUNCH_PAD,-0.1,25.4,100.7,4.1,0.0,-1.9,-0.2,0.3,2.4,-7.6,-5.9,70.7,00:02:09,0.000000,0.000000,0.000000,0,MECCONTOFF,0.7,FALSE,FALSE,FALSE,0.0,0.0,0.0
135,1083,00:02:20,F,LAUNCH_PAD,-0.5,25.4,100.7,4.1,0.0,-3.9,17.0,6.4,1.7,-7.2,-5.0,73.9,00:02:10,0.000000,0.000000,0.000000,0,MECCONTOFF,0.7,FALSE,FALSE,FALSE,0.0,0.0,0.0
136,1083,00:02:21,F,LAUNCH_PAD,-0.4,25.4,100.7,4.1,0.0,-22.0,11.6,-0.2,2.9,-7.7,-5.4,109.1,00:02:11,0.000000,0.000000,0.000000,0,MECCONTOFF,0.7,FALSE,FALSE,FALSE,0.0,0.0,0.0
137,1083,00:02:22,F,LAUNCH_PAD,-0.3,25.4,100.7,4.1,0.0,19.1,-2.3,-2.2,2.0,-7.7,-4.3,100.1,00:02:12,0.000000,0.000000,0.000000,0,MECCONTOFF,0.7,FALSE,FALSE,FALSE,0.0,0.0,0.0
138,1083,00:02:24,F,LAUNCH_PAD,-0.2,25.4,100.7,4.1,0.0,-14.4,-9.8,-14.2,2.2,-6.9,-6.1,90.1,00:02:13,0.000000,0.000000,0.000000,0,MECPAYLOADON,0.7,FALSE,TRUE,FALSE,0.0,0.0,0.0
139,1083,00:02:25,F,LAUNCH_PAD,-0.1,25.4,100.7,4.1,0.0,13.4,1.5,21.4,3.5,-7.4,-6.7,194.2,00:02:15,0.000000,0.000000,0.000000,0,MECGLIDERON,0.7,FALSE,TRUE,TRUE,0.0,0.0,0.0
140,1083,00:02:26,F,LAUNCH_PAD,-0.3,25.4,100.7,4.1,0.0,8.1,9.4,-7.6,3.4,-7.4,-6.1,95.9,00:02:17,0.000000,0.000000,0.000000,0,MECGLIDERON,0.7,FALSE,TRUE,TRUE,0.0,0.0,0.0
141,1083,00:02:27,F,LAUNCH_PAD,-0.6,25.4,100.7,4.1,0.0,1.8,26.2,13.2,0.7,-5.9,-7.6,189.8,00:02:18,0.000000,0.000000,0.000000,0,MECGLIDERON,0.7,FALSE,TRUE,TRUE,0.0,0.0,0.0
142,1083,00:02:28,F,LAUNCH_PAD,-0.6,25.4,100.8,4.1,0.0,-23.3,18.1,23.8,1.0,-6.2,-7.8,194.8,00:02:18,0.000000,0.000000,0.000000,0,MECCONTON,0.7,TRUE,TRUE,TRUE,0.0,0.0,0.0
143,1083,00:02:29,F,LAUNCH_PAD,-0.3,25.4,100.7,4.1,0.0,23.5,9.1,-5.1,5.1,-8.6,-1.5,169.2,00:02:21,0.000000,0.000000,0.000000,0,MECCONTON,0.7,TRUE,TRUE,TRUE,0.0,0.0,0.0
144,1083,00:02:30,F,LAUNCH_PAD,-0.5,25.4,100.7,4.1,0.0,-32.6,-3.3,-8.8,5.4,-7.9,1.7,200.1,00:02:22,0.000000,0.000000,0.000000,0,MECCONTON,0.7,TRUE,TRUE,TRUE,0.0,0.0,0.0
145,1083,00:02:31,F,LAUNCH_PAD,-0.4,25.4,100.7,4.1,0.0,-24.6,-8.4,5.6,6.5,-6.6,-2.7,164.2,00:02:23,0.000000,0.000000,0.000000,0,MECCONTON,0.7,TRUE,TRUE,TRUE,0.0,0.0,0.0
146,1083,00:02:32,F,LAUNCH_PAD,-0.6,25.4,100.7,4.1,0.0,-32.6,17.8,-4.4,3.5,-2.4,-8.9,195.4,00:02:24,0.000000,0.000000,0.000000,0,MECCONTON,0.7,TRUE,TRUE,TRUE,0.0,0.0,0.0
147,1083,00:02:33,F,LAUNCH_PAD,-0.6,25.4,100.7,4.1,0.0,-31.4,-2.7,-4.8,4.4,-2.0,-8.9,185.0,00:02:24,0.000000,0.000000,0.000000,0,MECCONTOFF,0.7,FALSE,TRUE,TRUE,0.0,0.0,0.0
148,1083,00:02:34,F,LAUNCH_PAD,-0.5,25.4,100.7,4.1,0.0,-9.9,-1.8,-0.1,4.4,1.5,-8.3,162.4,00:02:27,0.000000,0.000000,0.000000,0,MECCONTOFF,0.7,FALSE,TRUE,TRUE,0.0,0.0,0.0
149,1083,00:02:35,F,LAUNCH_PAD,-0.4,25.4,100.7,4.1,0.0,5.4,-9.5,-6.3,3.9,-0.8,-9.6,200.5,00:02:28,0.000000,0.000000,0.000000,0,MECCONTOFF,0.7,FALSE,TRUE,TRUE,0.0,0.0,0.0
150,1083,00:02:36,F,LAUNCH_PAD,-0.4,25.4,100.7,4.1,0.0,1.4,5.5,7.3,3.8,-1.3,-8.7,196.2,00:02:29,0.000000,0.000000,0.000000,0,MECCONTOFF,0.7,FALSE,TRUE,TRUE,0.0,0.0,0.0
151,1083,00:02:37,F,LAUNCH_PAD,-0.1,25.4,100.7,4.1,0.0,10.8,2.1,-7.5,4.1,-0.7,-8.9,191.0,00:02:30,0.000000,0.000000,0.000000,0,MECCONTOFF,0.7,FALSE,TRUE,TRUE,0.0,0.0,0.0
152,1083,00:02:38,F,LAUNCH_PAD,-0.4,25.4,100.7,4.1,0.0,0.6,3.4,2.1,4.5,-1.9,-8.5,195.5,00:02:31,0.000000,0.000000,0.000000,0,MECCONTOFF,0.7,FALSE,TRUE,TRUE,0.0,0.0,0.0
153,1083,00:02:39,F,LAUNCH_PAD,-0.2,25.4,100.7,4.1,0.0,-3.5,-4.3,10.2,3.5,-2.5,-9.3,206.9,00:02:32,0.000000,0.000000,0.000000,0,MECCONTOFF,0.7,FALSE,TRUE,TRUE,0.0,0.0,0.0
154,1083,00:02:40,F,LAUNCH_PAD,-0.5,25.4,100.7,4.1,0.0,-1.7,0.8,4.2,3.5,-1.9,-9.1,208.3,00:02:33,0.000000,0.000000,0.000000,0,MECCONTOFF,0.7,FALSE,TRUE,TRUE,0.0,0.0,0.0
155,1083,00:02:41,F,LAUNCH_PAD,-0.3,25.4,100.7,4.1,0.0,0.8,-1.3,-0.1,3.4,-1.7,-9.0,208.9,00:02:34,0.000000,0.000000,0.000000,0,MECCONTOFF,0.7,FALSE,TRUE,TRUE,0.0,0.0,0.0
156,1083,00:02:42,F,LAUNCH_PAD,-0.4,25.4,100.7,4.1,0.0,-0.5,-1.2,-3.6,3.4,-1.9,-9.1,208.0,00:02:35,0.000000,0.000000,0.000000,0,MECCONTOFF,0.7,FALSE,TRUE,TRUE,0.0,0.0,0.0
157,1083,00:02:43,F,LAUNCH_PAD,-0.2,25.5,100.7,4.1,0.0,-3.1,-1.8,0.6,3.4,-2.0,-9.2,207.2,00:02:36,0.000000,0.000000,0.000000,0,MECCONTOFF,0.7,FALSE,TRUE,TRUE,0.0,0.0,0.0
158,1083,00:02:44,F,LAUNCH_PAD,-0.7,25.5,100.8,4.1,0.0,7.2,58.6,-19.8,4.4,-2.0,-8.4,209.2,00:02:37,0.000000,0.000000,0.000000,0,MECCONTOFF,0.7,FALSE,TRUE,TRUE,0.0,0.0,0.0
159,1083,00:02:45,F,LAUNCH_PAD,-0.1,25.5,100.7,4.1,0.0,23.8,-2.2,-3.7,4.4,-7.4,-5.8,170.3,00:02:38,0.000000,0.000000,0.000000,0,MECCONTOFF,0.7,FALSE,TRUE,TRUE,0.0,0.0,0.0
160,1083,00:02:46,F,LAUNCH_PAD,-0.3,25.5,100.7,4.1,0.0,2.4,-1.1,-13.4,0.2,-9.4,-5.2,170.2,00:02:39,0.000000,0.000000,0.000000,0,MECCONTOFF,0.7,FALSE,TRUE,TRUE,0.0,0.0,0.0
161,1083,00:02:47,F,LAUNCH_PAD,-0.4,25.4,100.7,4.1,0.0,-19.5,-30.3,6.8,3.2,-6.5,-7.1,237.6,00:02:40,0.000000,0.000000,0.000000,0,MECCONTOFF,0.7,FALSE,TRUE,TRUE,0.0,0.0,0.0
162,1083,00:02:48,F,LAUNCH_PAD,-0.3,25.4,100.7,4.1,0.0,5.2,6.6,-6.6,2.7,-6.0,-6.8,234.4,00:02:41,0.000000,0.000000,0.000000,0,MECCONTOFF,0.7,FALSE,TRUE,TRUE,0.0,0.0,0.0
163,1083,00:02:49,F,LAUNCH_PAD,-0.1,25.4,100.7,4.1,0.0,-14.9,11.8,-9.9,5.1,-0.4,-7.5,184.6,00:02:42,0.000000,0.000000,0.000000,0,MECCONTOFF,0.7,FALSE,TRUE,TRUE,0.0,0.0,0.0
164,1083,00:02:50,F,LAUNCH_PAD,-0.1,25.4,100.7,4.1,0.0,-4.4,1.5,-2.2,4.8,2.8,-8.4,159.0,00:02:43,0.000000,0.000000,0.000000,0,MECCONTOFF,0.7,FALSE,TRUE,TRUE,0.0,0.0,0.0
165,1083,00:02:51,F,LAUNCH_PAD,-0.8,25.4,100.7,4.1,0.0,0.2,-2.7,1.0,4.8,2.3,-8.5,160.2,00:02:44,0.000000,0.000000,0.000000,0,MECCONTOFF,0.7,FALSE,TRUE,TRUE,0.0,0.0,0.0
166,1083,00:02:52,F,LAUNCH_PAD,-0.3,25.4,100.7,4.1,0.0,29.3,-7.2,9.8,4.0,0.6,-8.8,182.1,00:02:45,0.000000,0.000000,0.000000,0,MECCONTOFF,0.7,FALSE,TRUE,TRUE,0.0,0.0,0.0
167,1083,00:02:53,F,LAUNCH_PAD,-0.1,25.4,100.7,4.1,0.0,-1.2,-8.2,-0.2,1.9,-7.9,-5.2,161.1,00:02:46,0.000000,0.000000,0.000000,0,MECCONTOFF,0.7,FALSE,TRUE,TRUE,0.0,0.0,0.0
168,1083,00:02:54,F,LAUNCH_PAD,-0.4,25.4,100.7,4.1,0.0,4.6,10.2,-10.0,0.1,-6.5,-7.7,236.6,00:02:47,0.000000,0.000000,0.000000,0,MECCONTOFF,0.7,FALSE,TRUE,TRUE,0.0,0.0,0.0
169,1083,00:02:55,F,LAUNCH_PAD,-0.6,25.4,100.7,4.1,0.0,20.0,5.6,-11.1,3.1,-3.9,-8.3,217.6,00:02:48,0.000000,0.000000,0.000000,0,MECCONTOFF,0.7,FALSE,TRUE,TRUE,0.0,0.0,0.0
170,1083,00:02:56,F,LAUNCH_PAD,-0.1,25.4,100.7,4.1,0.0,-28.8,40.5,49.8,1.9,-6.4,-7.3,237.2,00:02:49,0.000000,0.000000,0.000000,0,MECCONTOFF,0.7,FALSE,TRUE,TRUE,0.0,0.0,0.0
171,1083,00:02:57,F,LAUNCH_PAD,0.2,25.4,100.7,4.1,0.0,-12.3,13.7,-9.3,4.4,1.5,-9.2,210.2,00:02:50,0.000000,0.000000,0.000000,0,MECCONTOFF,0.7,FALSE,TRUE,TRUE,0.0,0.0,0.0
172,1083,00:02:58,F,LAUNCH_PAD,0.1,25.4,100.7,4.1,0.0,34.4,0.4,0.8,2.8,-3.0,-9.1,236.0,00:02:51,0.000000,0.000000,0.000000,0,MECCONTOFF,0.7,FALSE,TRUE,TRUE,0.0,0.0,0.0
173,1083,00:02:59,F,LAUNCH_PAD,-0.1,25.4,100.7,4.1,0.0,-1.9,-0.3,2.4,4.0,-5.0,-6.3,255.4,00:02:52,0.000000,0.000000,0.000000,0,MECCONTOFF,0.7,FALSE,TRUE,TRUE,0.0,0.0,0.0
1,1083,00:00:01,F,LAUNCH_PAD,0.0,25.3,100.7,4.1,0.0,23.8,10.5,-71.3,-0.0,-2.0,-9.0,332.9,23:59:46,0.000000,0.000000,0.000000,0,RST,0.0,FALSE,FALSE,FALSE,0.0,0.0,0.0
2,1083,00:00:02,F,LAUNCH_PAD,-0.4,25.3,100.7,4.0,0.1,1.9,-0.6,28.1,0.4,-3.2,-8.7,314.9,23:59:49,0.000000,0.000000,0.000000,0,RST,0.0,FALSE,FALSE,FALSE,0.0,0.0,0.0
3,1083,00:00:03,F,LAUNCH_PAD,-0.6,25.2,100.7,4.0,0.1,31.2,5.1,21.9,4.3,-0.4,-11.7,307.1,23:59:50,0.000000,0.000000,0.000000,0,RST,0.0,FALSE,FALSE,FALSE,0.0,0.0,0.0
4,1083,00:00:04,F,LAUNCH_PAD,-0.3,25.2,100.7,4.0,0.1,7.5,7.7,-4.4,4.8,1.8,-8.1,268.9,23:59:51,0.000000,0.000000,0.000000,0,RST,0.0,FALSE,FALSE,FALSE,0.0,0.0,0.0
5,1083,00:00:05,F,LAUNCH_PAD,-0.1,25.2,100.7,4.0,0.1,9.4,3.4,8.1,6.2,-1.3,-7.8,103.4,23:59:52,0.000000,0.000000,0.000000,0,RST,0.1,FALSE,FALSE,FALSE,0.0,0.0,0.0
6,1083,00:00:07,F,LAUNCH_PAD,-0.2,25.2,100.7,4.0,0.1,6.8,-0.5,3.1,6.1,-1.7,-7.6,109.7,23:59:53,0.000000,0.000000,0.000000,0,MECCONTON,0.1,TRUE,FALSE,FALSE,0.0,0.0,0.0
7,1083,00:00:08,F,LAUNCH_PAD,-0.1,25.2,100.7,4.0,0.1,-0.6,-5.2,-1.5,4.4,-5.6,-6.9,179.8,23:59:55,0.000000,0.000000,0.000000,0,MECCONTON,0.1,TRUE,FALSE,FALSE,0.0,0.0,0.0
8,1083,00:00:10,F,LAUNCH_PAD,0.0,25.3,100.7,4.0,0.1,-1.8,-0.2,0.9,4.2,-5.4,-6.8,176.9,23:59:56,0.000000,0.000000,0.000000,0,MECCONTOFF,0.1,FALSE,FALSE,FALSE,0.0,0.0,0.0
9,1083,00:00:11,F,LAUNCH_PAD,-0.1,25.3,100.7,4.0,0.1,-37.8,0.7,32.9,4.1,-3.0,-8.0,191.3,23:59:58,0.000000,0.000000,0.000000,0,MECCONTOFF,0.1,FALSE,FALSE,FALSE,0.0,0.0,0.0
10,1083,00:00:12,F,LAUNCH_PAD,-0.8,25.3,100.7,4.0,0.1,7.1,-1.6,-5.6,3.7,1.9,-8.7,150.8,23:59:59,0.000000,0.000000,0.000000,0,MECCONTOFF,0.1,FALSE,FALSE,FALSE,0.0,0.0,0.0
11,1083,00:00:13,F,LAUNCH_PAD,-0.5,25.3,100.7,4.0,0.1,-11.9,-11.2,49.9,1.3,-2.0,-9.8,191.4,00:00:00,0.000000,0.000000,0.000000,0,MECCONTOFF,0.1,FALSE,FALSE,FALSE,0.0,0.0,0.0
12,1083,00:00:14,F,LAUNCH_PAD,-0.5,25.3,100.7,4.0,0.1,36.1,57.0,37.9,0.8,-3.0,-8.1,217.8,00:00:01,0.000000,0.000000,0.000000,0,MECCONTOFF,0.1,FALSE,FALSE,FALSE,0.0,0.0,0.0
13,1083,00:00:15,F,LAUNCH_PAD,-0.1,25.3,100.7,4.0,0.1,13.0,-0.4,-5.0,5.1,-6.0,-5.5,262.1,00:00:02,0.000000,0.000000,0.000000,0,MECCONTOFF,0.1,FALSE,FALSE,FALSE,0.0,0.0,0.0
14,1083,00:00:16,F,LAUNCH_PAD,-0.1,25.3,100.7,4.0,0.1,18.2,-58.7,9.6,2.7,-7.3,-4.3,145.2,00:00:03,0.000000,0.000000,0.000000,0,MECCONTOFF,0.1,FALSE,FALSE,FALSE,0.0,0.0,0.0
15,1083,00:00:17,F,LAUNCH_PAD,-0.4,25.3,100.7,4.0,0.1,-19.8,15.6,0.3,3.0,-6.7,-6.7,120.9,00:00:04,0.000000,0.000000,0.000000,0,MECCONTOFF,0.1,FALSE,FALSE,FALSE,0.0,0.0,0.0
16,1083,00:00:18,F,LAUNCH_PAD,-0.2,25.3,100.7,4.0,0.1,6.0,-42.2,-17.4,1.0,-6.5,-7.7,191.7,00:00:05,0.000000,0.000000,0.000000,0,MECCONTOFF,0.1,FALSE,FALSE,FALSE,0.0,0.0,0.0
17,1083,00:00:19,F,LAUNCH_PAD,-0.8,25.3,100.7,4.0,0.1,7.2,3.7,-8.9,1.2,-7.3,-6.2,105.4,00:00:06,0.000000,0.000000,0.000000,0,MECCONTOFF,0.1,FALSE,FALSE,FALSE,0.0,0.0,0.0
18,1083,00:00:20,F,LAUNCH_PAD,-0.5,25.3,100.7,4.0,0.1,-4.0,3.4,-1.3,0.8,-7.2,-6.6,98.1,00:00:07,0.000000,0.000000,0.000000,0,MECCONTOFF,0.1,FALSE,FALSE,FALSE,0.0,0.0,0.0
19,1083,00:00:21,F,LAUNCH_PAD,-0.4,25.3,100.7,4.0,0.1,6.1,4.3,-2.5,1.0,-7.1,-6.7,98.0,00:00:08,0.000000,0.000000,0.000000,0,MECCONTOFF,0.1,FALSE,FALSE,FALSE,0.0,0.0,0.0
20,1083,00:00:22,F,LAUNCH_PAD,-0.3,25.3,100.7,4.0,0.1,-5.6,2.2,1.5,5.8,-6.4,-4.7,211.1,00:00:09,0.000000,0.000000,0.000000,0,MECCONTOFF,0.1,FALSE,FALSE,FALSE,0.0,0.0,0.0
21,1083,00:00:23,F,LAUNCH_PAD,-0.4,25.3,100.7,4.0,0.1,-7.4,-3.7,5.4,3.0,-7.2,-6.4,98.6,00:00:10,0.000000,0.000000,0.000000,0,MECCONTOFF,0.1,FALSE,FALSE,FALSE,0.0,0.0,0.0
22,1083,00:00:24,F,LAUNCH_PAD,-1.1,25.3,100.8,4.0,0.1,16.9,32.7,-21.7,6.2,-6.3,-2.6,213.1,00:00:11,0.000000,0.000000,0.000000,0,MECCONTOFF,0.1,FALSE,FALSE,FALSE,0.0,0.0,0.0
23,1083,00:00:25,F,LAUNCH_PAD,-0.0,25.3,100.7,4.0,0.1,-8.2,12.6,-20.2,8.6,-4.2,-2.0,266.1,00:00:12,0.000000,0.000000,0.000000,0,MECCONTOFF,0.1,FALSE,FALSE,FALSE,0.0,0.0,0.0
24,1083,00:00:26,F,LAUNCH_PAD,-0.3,25.3,100.7,4.0,0.1,-0.2,0.7,1.9,9.4,-2.7,-1.9,269.7,00:00:13,0.000000,0.000000,0.000000,0,MECCONTOFF,0.1,FALSE,FALSE,FALSE,0.0,0.0,0.0
25,1083,00:00:27,F,LAUNCH_PAD,-0.3,25.3,100.7,4.0,0.1,-14.1,-5.0,15.9,8.9,-3.0,-1.9,271.6,00:00:14,0.000000,0.000000,0.000000,0,MECCONTOFF,0.1,FALSE,FALSE,FALSE,0.0,0.0,0.0
26,1083,00:00:28,F,LAUNCH_PAD,-0.3,25.4,100.7,4.0,0.1,-5.4,0.6,3.5,8.5,-4.6,-3.3,280.4,00:00:16,0.000000,0.000000,0.000000,0,MECCONTOFF,0.1,FALSE,FALSE,FALSE,0.0,0.0,0.0
27,1083,00:00:29,F,LAUNCH_PAD,-0.2,25.4,100.7,4.0,0.1,-9.1,6.5,13.5,8.2,-4.7,-3.2,279.0,00:00:17,0.000000,0.000000,0.000000,0,MECCONTOFF,0.1,FALSE,FALSE,FALSE,0.0,0.0,0.0
28,1083,00:00:30,F,LAUNCH_PAD,-0.5,25.4,100.7,4.0,0.1,18.4,-8.1,-4.8,5.9,-6.7,-4.8,196.8,00:00:18,0.000000,0.000000,0.000000,0,MECCONTOFF,0.1,FALSE,FALSE,FALSE,0.0,0.0,0.0
29,1083,00:00:31,F,LAUNCH_PAD,-0.3,25.4,100.7,4.0,0.1,-30.9,60.7,32.4,6.0,-7.0,-3.3,226.2,00:00:19,0.000000,0.000000,0.000000,0,MECCONTOFF,0.1,FALSE,FALSE,FALSE,0.0,0.0,0.0
30,1083,00:00:32,F,LAUNCH_PAD,-0.1,25.4,100.7,4.0,0.1,2.9,0.2,-1.0,6.9,-6.4,-3.4,254.6,00:00:20,0.000000,0.000000,0.000000,0,MECCONTOFF,0.1,FALSE,FALSE,FALSE,0.0,0.0,0.0
31,1083,00:00:33,F,LAUNCH_PAD,-0.9,25.4,100.8,4.0,0.1,-0.6,-3.1,0.1,7.0,-6.1,-3.3,256.4,00:00:21,0.000000,0.000000,0.000000,0,MECCONTOFF,0.1,FALSE,FALSE,FALSE,0.0,0.0,0.0
32,1083,00:00:34,F,LAUNCH_PAD,-0.5,25.4,100.7,4.0,0.1,-22.6,-6.3,6.0,6.8,-5.9,-3.2,256.0,00:00:22,0.000000,0.000000,0.000000,0,MECCONTOFF,0.1,FALSE,FALSE,FALSE,0.0,0.0,0.0
33,1083,00:00:35,F,LAUNCH_PAD,-0.5,25.4,100.7,4.0,0.1,-9.0,-30.2,-48.6,4.8,-3.0,-8.1,178.4,00:00:23,0.000000,0.000000,0.000000,0,MECCONTOFF,0.1,FALSE,FALSE,FALSE,0.0,0.0,0.0
34,1083,00:00:36,F,LAUNCH_PAD,-0.8,25.4,100.7,4.0,0.1,-52.6,3.2,6.6,4.8,-0.2,-8.5,148.0,00:00:24,0.000000,0.000000,0.000000,0,MECCONTOFF,0.1,FALSE,FALSE,FALSE,0.0,0.0,0.0
35,1083,00:00:37,F,LAUNCH_PAD,-0.4,25.4,100.7,4.0,0.1,24.1,-4.6,31.3,6.1,-0.4,-7.1,170.5,00:00:25,0.000000,0.000000,0.000000,0,MECCONTOFF,0.1,FALSE,FALSE,FALSE,0.0,0.0,0.0
36,1083,00:00:38,F,LAUNCH_PAD,-0.4,25.4,100.7,4.0,0.1,-19.4,1.9,-21.6,7.0,4.1,-5.0,132.0,00:00:26,0.000000,0.000000,0.000000,0,MECCONTOFF,0.1,FALSE,FALSE,FALSE,0.0,0.0,0.0
37,1083,00:00:39,F,LAUNCH_PAD,-0.6,25.5,100.7,4.0,0.1,10.4,0.6,-6.2,5.9,5.8,-5.6,90.3,00:00:27,0.000000,0.000000,0.000000,0,MECCONTOFF,0.1,FALSE,FALSE,FALSE,0.0,0.0,0.0
38,1083,00:00:40,F,LAUNCH_PAD,-0.7,25.5,100.7,4.0,0.1,10.3,-6.8,-6.1,5.2,5.7,-5.7,91.1,00:00:28,0.000000,0.000000,0.000000,0,MECCONTOFF,0.1,FALSE,FALSE,FALSE,0.0,0.0,0.0
39,1083,00:00:41,F,LAUNCH_PAD,-0.2,25.5,100.7,4.0,0.1,-14.9,-16.2,37.2,6.2,3.9,-5.8,123.8,00:00:29,0.000000,0.000000,0.000000,0,MECCONTOFF,0.1,FALSE,FALSE,FALSE,0.0,0.0,0.0
40,1083,00:00:42,F,LAUNCH_PAD,-0.1,25.5,100.7,4.0,0.1,-12.4,2.6,-5.8,7.3,4.0,-5.1,39.0,00:00:30,0.000000,0.000000,0.000000,0,MECCONTOFF,0.1,FALSE,FALSE,FALSE,0.0,0.0,0.0
41,1083,00:00:43,F,LAUNCH_PAD,-0.3,25.5,100.7,4.0,0.1,14.1,-4.6,-3.9,7.7,5.0,-5.9,40.9,00:00:31,0.000000,0.000000,0.000000,0,MECCONTOFF,0.1,FALSE,FALSE,FALSE,0.0,0.0,0.0
42,1083,00:00:44,F,LAUNCH_PAD,-0.4,25.5,100.7,4.0,0.1,-8.5,-2.1,14.2,7.2,4.1,-5.2,42.8,00:00:32,0.000000,0.000000,0.000000,0,MECCONTOFF,0.1,FALSE,FALSE,FALSE,0.0,0.0,0.0
43,1083,00:00:45,F,LAUNCH_PAD,-0.6,25.5,100.7,4.0,0.1,6.8,0.1,-7.2,7.3,4.2,-4.9,48.0,00:00:33,0.000000,0.000000,0.000000,0,MECCONTOFF,0.1,FALSE,FALSE,FALSE,0.0,0.0,0.0
44,1083,00:00:46,F,LAUNCH_PAD,-0.3,25.5,100.7,4.0,0.1,12.8,11.2,9.1,8.1,2.6,-5.3,30.6,00:00:34,0.000000,0.000000,0.000000,0,MECCONTOFF,0.1,FALSE,FALSE,FALSE,0.0,0.0,0.0
45,1083,00:00:47,F,LAUNCH_PAD,-0.5,25.6,100.7,4.0,0.1,80.2,-12.4,-1.9,4.8,1.5,-9.8,170.9,00:00:35,0.000000,0.000000,0.000000,0,MECCONTOFF,0.1,FALSE,FALSE,FALSE,0.0,0.0,0.0
46,1083,00:00:48,F,LAUNCH_PAD,-0.8,25.6,100.8,4.0,0.1,-84.3,-31.8,-47.6,3.6,4.9,-6.6,131.9,00:00:36,0.000000,0.000000,0.000000,0,MECCONTOFF,0.1,FALSE,FALSE,FALSE,0.0,0.0,0.0
47,1083,00:00:49,F,LAUNCH_PAD,-0.8,25.6,100.7,4.0,0.1,112.3,-9.2,46.8,5.0,5.7,-8.4,123.9,00:00:37,0.000000,0.000000,0.000000,0,MECCONTOFF,0.1,FALSE,FALSE,FALSE,0.0,0.0,0.0
48,1083,00:00:50,F,LAUNCH_PAD,-0.6,25.6,100.7,4.0,0.1,-30.8,-0.4,-11.0,6.7,-5.7,-3.5,276.9,00:00:38,0.000000,0.000000,0.000000,0,MECCONTOFF,0.1,FALSE,FALSE,FALSE,0.0,0.0,0.0
49,1083,00:00:51,F,LAUNCH_PAD,-0.5,25.5,100.7,4.0,0.1,-30.7,-10.8,-24.4,5.6,-2.5,-8.1,205.5,00:00:39,0.000000,0.000000,0.000000,0,MECCONTOFF,0.1,FALSE,FALSE,FALSE,0.0,0.0,0.0
50,1083,00:00:52,F,LAUNCH_PAD,-0.8,25.6,100.7,4.0,0.1,-53.8,-31.9,-0.8,2.5,4.7,-8.0,152.0,00:00:40,0.000000,0.000000,0.000000,0,MECCONTOFF,0.1,FALSE,FALSE,FALSE,0.0,0.0,0.0
51,1083,00:00:53,F,LAUNCH_PAD,-0.8,25.6,100.7,4.0,0.1,22.9,40.3,-64.8,3.7,4.1,-8.1,140.1,00:00:41,0.000000,0.000000,0.000000,0,MECCONTOFF,0.1,FALSE,FALSE,FALSE,0.0,0.0,0.0
52,1083,00:00:54,F,LAUNCH_PAD,-0.5,25.6,100.7,4.0,0.1,-16.8,-16.3,37.4,4.2,4.6,-7.2,110.2,00:00:42,0.000000,0.000000,0.000000,0,MECCONTOFF,0.1,FALSE,FALSE,FALSE,0.0,0.0,0.0
53,1083,00:00:55,F,LAUNCH_PAD,-0.1,25.6,100.7,4.0,0.1,-13.4,6.4,22.9,5.8,1.2,-6.8,165.2,00:00:43,0.000000,0.000000,0.000000,0,MECCONTOFF,0.1,FALSE,FALSE,FALSE,0.0,0.0,0.0
54,1083,00:00:56,F,LAUNCH_PAD,-0.7,25.6,100.7,4.0,0.1,3.8,2.7,3.8,6.4,3.4,-6.4,159.2,00:00:44,0.000000,0.000000,0.000000,0,MECCONTOFF,0.1,FALSE,FALSE,FALSE,0.0,0.0,0.0
55,1083,00:00:57,F,LAUNCH_PAD,-0.4,25.6,100.7,4.0,0.1,-5.2,-2.4,0.7,9.4,1.8,-4.4,35.4,00:00:45,0.000000,0.000000,0.000000,0,MECCONTOFF,0.1,FALSE,FALSE,FALSE,0.0,0.0,0.0
56,1083,00:00:58,F,LAUNCH_PAD,-0.7,25.6,100.7,4.0,0.1,7.6,0.8,4.0,9.2,0.6,-3.3,28.6,00:00:46,0.000000,0.000000,0.000000,0,MECCONTOFF,0.1,FALSE,FALSE,FALSE,0.0,0.0,0.0
57,1083,00:00:59,F,LAUNCH_PAD,0.2,25.6,100.7,4.0,0.1,-0.3,-1.0,0.4,9.1,0.7,-3.6,28.1,00:00:47,0.000000,0.000000,0.000000,0,MECCONTOFF,0.1,FALSE,FALSE,FALSE,0.0,0.0,0.0
58,1083,00:01:00,F,LAUNCH_PAD,-0.2,25.7,100.7,4.0,0.1,-4.7,-9.7,-4.8,8.6,1.4,-4.4,30.5,00:00:48,0.000000,0.000000,0.000000,0,MECCONTOFF,0.2,FALSE,FALSE,FALSE,0.0,0.0,0.0
59,1083,00:01:01,F,LAUNCH_PAD,0.2,25.6,100.7,4.0,0.1,-2.5,-8.4,-9.1,8.1,1.9,-4.8,32.0,00:00:49,0.000000,0.000000,0.000000,0,MECCONTOFF,0.2,FALSE,FALSE,FALSE,0.0,0.0,0.0
60,1083,00:01:02,F,LAUNCH_PAD,-0.4,25.7,100.7,4.0,0.1,-5.6,-2.1,-0.4,6.4,6.3,-5.9,119.4,00:00:50,0.000000,0.000000,0.000000,0,MECCONTOFF,0.2,FALSE,FALSE,FALSE,0.0,0.0,0.0
61,1083,00:01:03,F,LAUNCH_PAD,-0.3,25.7,100.7,4.0,0.1,0.5,-1.9,-17.9,5.6,5.3,-5.9,105.6,00:00:51,0.000000,0.000000,0.000000,0,MECCONTOFF,0.2,FALSE,FALSE,FALSE,0.0,0.0,0.0
62,1083,00:01:04,F,LAUNCH_PAD,-0.7,25.7,100.7,4.0,0.1,-4.8,-1.8,-0.7,5.4,5.3,-6.0,100.4,00:00:52,0.000000,0.000000,0.000000,0,MECCONTOFF,0.2,FALSE,FALSE,FALSE,0.0,0.0,0.0
63,1083,00:01:05,F,LAUNCH_PAD,-0.4,25.7,100.7,4.0,0.1,1.6,-1.2,-3.7,5.9,5.8,-5.4,92.5,00:00:53,0.000000,0.000000,0.000000,0,MECCONTOFF,0.2,FALSE,FALSE,FALSE,0.0,0.0,0.0
64,1083,00:01:06,F,LAUNCH_PAD,-0.8,25.7,100.8,4.0,0.1,-60.4,-58.5,53.8,5.9,5.1,-5.7,141.4,00:00:54,0.000000,0.000000,0.000000,0,MECCONTOFF,0.2,FALSE,FALSE,FALSE,0.0,0.0,0.0
65,1083,00:01:07,F,LAUNCH_PAD,-0.5,25.7,100.7,4.0,0.1,-10.7,-28.8,-4.6,7.2,5.4,-3.7,117.5,00:00:55,0.000000,0.000000,0.000000,0,MECCONTOFF,0.2,FALSE,FALSE,FALSE,0.0,0.0,0.0
66,1083,00:01:08,F,LAUNCH_PAD,0.1,25.7,100.7,4.0,0.1,-51.3,13.3,-5.1,7.5,6.8,-0.9,147.5,00:00:56,0.000000,0.000000,0.000000,0,MECCONTOFF,0.2,FALSE,FALSE,FALSE,0.0,0.0,0.0
67,1083,00:01:09,F,LAUNCH_PAD,-1.1,25.7,100.8,4.0,0.1,9.0,1.4,-3.0,7.4,2.7,5.6,175.7,00:00:57,0.000000,0.000000,0.000000,0,MECCONTOFF,0.2,FALSE,FALSE,FALSE,0.0,0.0,0.0
68,1083,00:01:10,F,LAUNCH_PAD,-0.7,25.7,100.7,4.0,0.1,1.2,-6.2,2.2,7.7,3.2,5.2,175.2,00:00:58,0.000000,0.000000,0.000000,0,MECCONTOFF,0.2,FALSE,FALSE,FALSE,0.0,0.0,0.0
69,1083,00:01:11,F,LAUNCH_PAD,-0.9,25.7,100.8,4.0,0.1,14.2,0.6,-10.9,7.6,3.5,5.6,174.1,00:00:59,0.000000,0.000000,0.000000,0,MECCONTOFF,0.2,FALSE,FALSE,FALSE,0.0,0.0,0.0
70,1083,00:01:12,F,LAUNCH_PAD,-0.7,25.6,100.7,4.0,0.1,-3.8,-0.9,4.9,8.2,4.0,4.6,176.1,00:01:00,0.000000,0.000000,0.000000,0,MECCONTOFF,0.2,FALSE,FALSE,FALSE,0.0,0.0,0.0
71,1083,00:01:13,F,LAUNCH_PAD,-0.5,25.7,100.7,4.0,0.1,9.2,20.7,-22.8,8.1,3.1,4.2,174.1,00:01:01,0.000000,0.000000,0.000000,0,MECCONTOFF,0.2,FALSE,FALSE,FALSE,0.0,0.0,0.0
72,1083,00:01:14,F,LAUNCH_PAD,-0.8,25.6,100.7,4.0,0.1,4.6,-14.5,10.2,8.1,3.4,4.2,171.2,00:01:02,0.000000,0.000000,0.000000,0,MECCONTOFF,0.2,FALSE,FALSE,FALSE,0.0,0.0,0.0
73,1083,00:01:15,F,LAUNCH_PAD,-0.5,25.7,100.7,4.0,0.1,-9.5,1.4,0.2,8.4,3.8,4.4,171.2,00:01:03,0.000000,0.000000,0.000000,0,MECCONTOFF,0.2,FALSE,FALSE,FALSE,0.0,0.0,0.0
74,1083,00:01:16,F,LAUNCH_PAD,-0.7,25.7,100.7,4.0,0.1,3.0,-5.9,7.4,8.2,3.2,4.5,175.0,00:01:04,0.000000,0.000000,0.000000,0,MECCONTOFF,0.2,FALSE,FALSE,FALSE,0.0,0.0,0.0
75,1083,00:01:17,F,LAUNCH_PAD,-0.7,25.7,100.7,4.0,0.1,2.5,-1.7,-1.3,7.8,4.0,5.5,174.3,00:01:05,0.000000,0.000000,0.000000,0,MECCONTOFF,0.2,FALSE,FALSE,FALSE,0.0,0.0,0.0
76,1083,00:01:18,F,LAUNCH_PAD,-0.6,25.6,100.7,4.0,0.1,9.1,-3.8,1.4,7.4,3.5,4.8,174.9,00:01:06,0.000000,0.000000,0.000000,0,MECCONTOFF,0.2,FALSE,FALSE,FALSE,0.0,0.0,0.0
77,1083,00:01:19,F,LAUNCH_PAD,-0.5,25.6,100.7,4.0,0.1,2.9,-2.7,0.4,7.7,3.8,5.2,173.9,00:01:07,0.000000,0.000000,0.000000,0,MECCONTOFF,0.2,FALSE,FALSE,FALSE,0.0,0.0,0.0
78,1083,00:01:20,F,LAUNCH_PAD,-0.5,25.6,100.7,4.0,0.1,-4.0,1.1,1.5,8.2,4.0,5.0,172.0,00:01:08,0.000000,0.000000,0.000000,0,MECCONTOFF,0.2,FALSE,FALSE,FALSE,0.0,0.0,0.0
79,1083,00:01:21,F,LAUNCH_PAD,-0.9,25.6,100.8,4.0,0.1,2.8,-10.4,7.4,9.5,2.2,2.9,174.8,00:01:09,0.000000,0.000000,0.000000,0,MECCONTOFF,0.2,FALSE,FALSE,FALSE,0.0,0.0,0.0
80,1083,00:01:22,F,LAUNCH_PAD,-0.5,25.6,100.7,4.0,0.1,-12.1,87.6,-32.1,5.6,4.8,7.2,172.1,00:01:10,0.000000,0.000000,0.000000,0,MECCONTOFF,0.2,FALSE,FALSE,FALSE,0.0,0.0,0.0
81,1083,00:01:23,F,LAUNCH_PAD,-0.6,25.6,100.7,4.0,0.1,-10.8,-49.1,25.3,6.3,4.7,5.6,175.5,00:01:11,0.000000,0.000000,0.000000,0,MECCONTOFF,0.2,FALSE,FALSE,FALSE,0.0,0.0,0.0
82,1083,00:01:24,F,LAUNCH_PAD,-0.8,25.6,100.7,4.0,0.1,26.1,1.5,11.9,7.9,5.1,4.5,170.4,00:01:12,0.000000,0.000000,0.000000,0,MECCONTOFF,0.2,FALSE,FALSE,FALSE,0.0,0.0,0.0
83,1083,00:01:25,F,LAUNCH_PAD,-0.7,25.6,100.7,4.0,0.1,-10.3,4.8,-8.9,7.1,4.0,5.6,167.2,00:01:13,0.000000,0.000000,0.000000,0,MECCONTOFF,0.2,FALSE,FALSE,FALSE,0.0,0.0,0.0
84,1083,00:01:26,F,LAUNCH_PAD,0.4,25.5,100.7,4.0,0.1,0.4,12.0,-2.8,6.8,3.9,4.6,169.6,00:01:14,0.000000,0.000000,0.000000,0,MECCONTOFF,0.4,FALSE,FALSE,FALSE,0.0,0.0,0.0
85,1083,00:01:27,F,LAUNCH_PAD,-1.0,25.6,100.8,4.0,0.1,9.8,25.0,-8.2,5.6,4.0,6.0,159.4,00:01:15,0.000000,0.000000,0.000000,0,MECCONTOFF,0.4,FALSE,FALSE,FALSE,0.0,0.0,0.0
86,1083,00:01:28,F,LAUNCH_PAD,-0.8,25.6,100.7,4.0,0.1,-7.4,-11.4,-4.8,4.4,4.5,7.0,171.2,00:01:16,0.000000,0.000000,0.000000,0,MECCONTOFF,0.4,FALSE,FALSE,FALSE,0.0,0.0,0.0
87,1083,00:01:29,F,LAUNCH_PAD,-0.8,25.6,100.7,4.0,0.1,-6.8,34.1,10.2,3.6,4.3,6.7,172.2,00:01:17,0.000000,0.000000,0.000000,0,MECCONTOFF,0.4,FALSE,FALSE,FALSE,0.0,0.0,0.0
88,1083,00:01:30,F,LAUNCH_PAD,-1.0,25.6,100.8,4.0,0.1,9.9,3.8,-2.3,2.4,3.9,8.6,162.1,00:01:18,0.000000,0.000000,0.000000,0,MECCONTOFF,0.4,FALSE,FALSE,FALSE,0.0,0.0,0.0
89,1083,00:01:31,F,LAUNCH_PAD,-0.4,25.6,100.7,4.0,0.1,1.7,-2.7,1.1,3.8,4.4,8.0,158.6,00:01:19,0.000000,0.000000,0.000000,0,MECCONTOFF,0.4,FALSE,FALSE,FALSE,0.0,0.0,0.0
90,1083,00:01:32,F,LAUNCH_PAD,-0.7,25.6,100.7,4.0,0.1,-11.9,6.1,1.6,1.9,4.5,8.6,157.9,00:01:20,0.000000,0.000000,0.000000,0,MECCONTOFF,0.4,FALSE,FALSE,FALSE,0.0,0.0,0.0
91,1083,00:01:33,F,LAUNCH_PAD,-1.1,25.6,100.8,4.0,0.1,-4.9,-10.5,47.2,0.5,3.7,10.1,159.1,00:01:21,0.000000,0.000000,0.000000,0,MECCONTOFF,0.4,FALSE,FALSE,FALSE,0.0,0.0,0.0
92,1083,00:01:34,F,LAUNCH_PAD,-0.4,25.6,100.7,4.0,0.1,-4.9,9.8,-11.8,1.4,1.6,9.8,153.8,00:01:22,0.000000,0.000000,0.000000,0,MECCONTOFF,0.4,FALSE,FALSE,FALSE,0.0,0.0,0.0
93,1083,00:01:35,F,LAUNCH_PAD,0.4,25.6,100.8,4.0,0.1,7.8,-10.5,7.2,0.4,1.8,9.9,125.9,00:01:23,0.000000,0.000000,0.000000,0,MECCONTOFF,1.3,FALSE,FALSE,FALSE,0.0,0.0,0.0
94,1083,00:01:36,F,LAUNCH_PAD,-1.7,25.6,100.8,4.0,0.1,6.9,2.4,-4.3,2.1,3.5,8.9,137.5,00:01:24,0.000000,0.000000,0.000000,0,MECCONTOFF,1.3,FALSE,FALSE,FALSE,0.0,0.0,0.0
95,1083,00:01:37,F,LAUNCH_PAD,-1.5,25.6,100.8,4.0,0.1,-15.0,-50.6,6.4,1.0,1.1,6.2,146.0,00:01:25,0.000000,0.000000,0.000000,0,MECCONTOFF,1.3,FALSE,FALSE,FALSE,0.0,0.0,0.0
96,1083,00:01:38,F,LAUNCH_PAD,-0.9,25.6,100.8,4.0,0.1,-54.0,10.6,-29.1,-0.9,2.4,9.1,151.4,00:01:26,0.000000,0.000000,0.000000,0,MECCONTOFF,1.3,FALSE,FALSE,FALSE,0.0,0.0,0.0
97,1083,00:01:39,F,LAUNCH_PAD,-0.5,25.6,100.7,4.0,0.1,-19.8,19.9,-5.3,-1.5,-0.8,8.3,174.0,00:01:27,0.000000,0.000000,0.000000,0,MECCONTOFF,1.3,FALSE,FALSE,FALSE,0.0,0.0,0.0
98,1083,00:01:40,F,LAUNCH_PAD,-0.9,25.6,100.8,4.0,0.1,-1.2,-10.6,0.9,-0.2,2.0,9.6,163.1,00:01:28,0.000000,0.000000,0.000000,0,MECCONTOFF,1.3,FALSE,FALSE,FALSE,0.0,0.0,0.0
99,1083,00:01:41,F,LAUNCH_PAD,-0.7,25.6,100.7,4.0,0.1,9.7,-28.0,14.6,4.3,1.9,9.0,172.7,00:01:29,0.000000,0.000000,0.000000,0,MECCONTOFF,1.3,FALSE,FALSE,FALSE,0.0,0.0,0.0
100,1083,00:01:42,F,LAUNCH_PAD,-0.5,25.6,100.7,4.0,0.1,25.9,-31.7,4.7,8.2,1.8,5.2,157.8,00:01:30,0.000000,0.000000,0.000000,0,MECCONTOFF,1.3,FALSE,FALSE,FALSE,0.0,0.0,0.0
101,1083,00:01:43,F,LAUNCH_PAD,-0.8,25.6,100.8,4.0,0.1,22.8,3.8,8.3,6.4,3.3,5.6,134.0,00:01:31,0.000000,0.000000,0.000000,0,MECCONTOFF,1.3,FALSE,FALSE,FALSE,0.0,0.0,0.0
102,1083,00:01:44,F,LAUNCH_PAD,-0.7,25.6,100.7,4.0,0.1,-0.1,-19.1,13.2,8.5,3.2,3.7,130.2,00:01:32,0.000000,0.000000,0.000000,0,MECCONTOFF,1.3,FALSE,FALSE,FALSE,0.0,0.0,0.0
103,1083,00:01:45,F,LAUNCH_PAD,-0.7,25.6,100.7,4.0,0.1,8.8,-5.8,4.8,9.5,2.7,3.4,128.7,00:01:33,0.000000,0.000000,0.000000,0,MECCONTOFF,1.3,FALSE,FALSE,FALSE,0.0,0.0,0.0
104,1083,00:01:46,F,LAUNCH_PAD,-0.6,25.6,100.7,4.0,0.1,10.3,-3.8,8.9,9.9,2.0,1.7,116.1,00:01:34,0.000000,0.000000,0.000000,0,MECCONTOFF,1.3,FALSE,FALSE,FALSE,0.0,0.0,0.0
105,1083,00:01:47,F,LAUNCH_PAD,-0.5,25.6,100.7,4.0,0.1,0.2,13.3,-4.6,9.7,1.1,1.8,111.1,00:01:35,0.000000,0.000000,0.000000,0,MECCONTOFF,1.3,FALSE,FALSE,FALSE,0.0,0.0,0.0
106,1083,00:01:48,F,LAUNCH_PAD,-0.8,25.6,100.7,4.0,0.1,10.2,-9.5,9.2,9.6,1.3,1.7,112.0,00:01:36,0.000000,0.000000,0.000000,0,MECCONTOFF,1.3,FALSE,FALSE,FALSE,0.0,0.0,0.0
107,1083,00:01:49,F,LAUNCH_PAD,-0.3,25.6,100.7,4.0,0.1,15.3,3.9,-4.2,9.7,1.6,1.8,105.9,00:01:37,0.000000,0.000000,0.000000,0,MECCONTOFF,1.3,FALSE,FALSE,FALSE,0.0,0.0,0.0
108,1083,00:01:50,F,LAUNCH_PAD,-0.5,25.6,100.7,4.0,0.1,-21.4,76.1,-24.2,6.2,3.1,5.4,114.3,00:01:38,0.000000,0.000000,0.000000,0,MECCONTOFF,1.3,FALSE,FALSE,FALSE,0.0,0.0,0.0
109,1083,00:01:51,F,LAUNCH_PAD,-0.9,25.6,100.7,4.0,0.1,-18.2,-0.9,-23.1,2.0,1.1,10.4,133.1,00:01:39,0.000000,0.000000,0.000000,0,MECCONTOFF,1.3,FALSE,FALSE,FALSE,0.0,0.0,0.0
110,1083,00:01:52,F,LAUNCH_PAD,-1.0,25.6,100.8,4.0,0.1,9.8,-26.4,12.1,3.3,0.3,9.5,136.3,00:01:40,0.000000,0.000000,0.000000,0,MECCONTOFF,1.3,FALSE,FALSE,FALSE,0.0,0.0,0.0
111,1083,00:01:53,F,LAUNCH_PAD,-1.1,25.7,100.8,4.0,0.1,-5.5,1.6,-4.0,4.5,-0.1,8.4,132.8,00:01:41,0.000000,0.000000,0.000000,0,MECCONTOFF,1.3,FALSE,FALSE,FALSE,0.0,0.0,0.0
112,1083,00:01:54,F,LAUNCH_PAD,-0.9,25.7,100.8,4.0,0.1,-12.3,-10.6,5.8,4.4,-1.2,8.6,135.1,00:01:42,0.000000,0.000000,0.000000,0,MECCONTOFF,1.3,FALSE,FALSE,FALSE,0.0,0.0,0.0
113,1083,00:01:55,F,LAUNCH_PAD,-0.8,25.7,100.8,4.0,0.1,-9.7,-1.1,2.4,4.5,-0.9,8.7,139.9,00:01:43,0.000000,0.000000,0.000000,0,MECCONTOFF,1.3,FALSE,FALSE,FALSE,0.0,0.0,0.0
114,1083,00:01:56,F,LAUNCH_PAD,-0.5,25.7,100.7,4.0,0.1,-22.7,-4.9,-8.1,5.5,-0.5,8.2,149.1,00:01:44,0.000000,0.000000,0.000000,0,MECCONTOFF,1.3,FALSE,FALSE,FALSE,0.0,0.0,0.0
115,1083,00:01:57,F,LAUNCH_PAD,-1.2,25.7,100.8,4.0,0.1,-20.4,0.8,-1.2,6.1,-2.4,7.2,168.2,00:01:45,0.000000,0.000000,0.000000,0,MECCONTOFF,1.3,FALSE,FALSE,FALSE,0.0,0.0,0.0
116,1083,00:01:58,F,LAUNCH_PAD,-0.6,25.7,100.7,4.0,0.1,-0.0,2.0,-6.3,6.4,-1.2,6.9,174.3,00:01:46,0.000000,0.000000,0.000000,0,MECCONTOFF,1.3,FALSE,FALSE,FALSE,0.0,0.0,0.0
117,1083,00:01:59,F,LAUNCH_PAD,-0.5,25.7,100.7,4.0,0.1,-0.3,1.6,-3.4,6.4,-1.0,7.7,176.8,00:01:47,0.000000,0.000000,0.000000,0,MECCONTOFF,1.3,FALSE,FALSE,FALSE,0.0,0.0,0.0
118,1083,00:02:00,F,LAUNCH_PAD,-0.7,25.6,100.7,4.0,0.1,33.8,3.8,-21.0,6.3,1.1,7.4,168.8,00:01:48,0.000000,0.000000,0.000000,0,MECCONTOFF,1.3,FALSE,FALSE,FALSE,0.0,0.0,0.0
119,1083,00:02:01,F,LAUNCH_PAD,-1.0,25.6,100.8,4.0,0.1,7.2,-0.4,2.4,7.6,3.4,5.0,157.1,00:01:49,0.000000,0.000000,0.000000,0,MECCONTOFF,1.3,FALSE,FALSE,FALSE,0.0,0.0,0.0
120,1083,00:02:02,F,LAUNCH_PAD,-0.8,25.6,100.7,4.0,0.1,50.2,4.9,3.9,7.8,4.8,3.2,127.8,00:01:50,0.000000,0.000000,0.000000,0,MECCONTOFF,1.3,FALSE,FALSE,FALSE,0.0,0.0,0.0
121,1083,00:02:03,F,LAUNCH_PAD,0.1,25.6,100.7,4.0,0.1,-8.6,2.8,2.6,7.7,4.6,2.6,118.4,00:01:51,0.000000,0.000000,0.000000,0,MECCONTOFF,1.3,FALSE,FALSE,FALSE,0.0,0.0,0.0
122,1083,00:02:04,F,LAUNCH_PAD,-0.9,25.6,100.8,4.0,0.1,10.4,1.2,-2.1,7.2,4.9,3.0,120.0,00:01:52,0.000000,0.000000,0.000000,0,MECCONTOFF,1.3,FALSE,FALSE,FALSE,0.0,0.0,0.0
123,1083,00:02:05,F,LAUNCH_PAD,-0.4,25.6,100.7,4.0,0.1,-1.1,-2.6,9.9,8.1,4.5,3.0,120.1,00:01:53,0.000000,0.000000,0.000000,0,MECCONTOFF,1.3,FALSE,FALSE,FALSE,0.0,0.0,0.0
124,1083,00:02:06,F,LAUNCH_PAD,-0.5,25.6,100.7,4.0,0.1,-47.6,8.3,-8.7,8.0,3.6,3.8,124.9,00:01:54,0.000000,0.000000,0.000000,0,MECCONTOFF,1.3,FALSE,FALSE,FALSE,0.0,0.0,0.0
125,1083,00:02:07,F,LAUNCH_PAD,-0.5,25.6,100.7,4.0,0.1,29.2,-2.4,-10.7,6.9,4.9,5.2,130.8,00:01:55,0.000000,0.000000,0.000000,0,MECCONTOFF,1.3,FALSE,FALSE,FALSE,0.0,0.0,0.0
126,1083,00:02:08,F,LAUNCH_PAD,-0.9,25.6,100.8,4.0,0.1,6.2,6.8,4.6,7.9,3.1,5.4,131.2,00:01:56,0.000000,0.000000,0.000000,0,MECCONTOFF,1.3,FALSE,FALSE,FALSE,0.0,0.0,0.0
127,1083,00:02:09,F,LAUNCH_PAD,-0.7,25.6,100.7,4.0,0.1,-15.6,10.8,4.2,6.2,5.2,4.7,126.8,00:01:57,0.000000,0.000000,0.000000,0,MECCONTOFF,1.3,FALSE,FALSE,FALSE,0.0,0.0,0.0
128,1083,00:02:10,F,LAUNCH_PAD,-0.6,25.6,100.7,4.0,0.1,20.4,-15.0,13.5,6.7,3.6,6.7,145.4,00:01:58,0.000000,0.000000,0.000000,0,MECCONTOFF,1.3,FALSE,FALSE,FALSE,0.0,0.0,0.0
129,1083,00:02:11,F,LAUNCH_PAD,-0.9,25.6,100.8,4.0,0.1,36.5,40.2,11.2,4.5,2.7,8.9,120.1,00:01:59,0.000000,0.000000,0.000000,0,MECCONTOFF,1.3,FALSE,FALSE,FALSE,0.0,0.0,0.0
130,1083,00:02:12,F,LAUNCH_PAD,-1.0,25.6,100.8,4.0,0.1,14.6,-21.8,-18.0,4.8,7.4,4.9,118.5,00:02:00,0.000000,0.000000,0.000000,0,MECCONTOFF,1.3,FALSE,FALSE,FALSE,0.0,0.0,0.0
131,1083,00:02:13,F,LAUNCH_PAD,-0.7,25.6,100.7,4.0,0.1,-3.2,-1.2,-2.9,5.8,7.0,4.5,102.7,00:02:01,0.000000,0.000000,0.000000,0,MECCONTOFF,1.3,FALSE,FALSE,FALSE,0.0,0.0,0.0
132,1083,00:02:14,F,LAUNCH_PAD,-1.2,25.6,100.8,4.0,0.1,-78.1,27.4,-120.8,2.3,7.2,4.8,184.4,00:02:02,0.000000,0.000000,0.000000,0,MECCONTOFF,1.3,FALSE,FALSE,FALSE,0.0,0.0,0.0
133,1083,00:02:15,F,LAUNCH_PAD,-0.9,25.6,100.7,4.0,0.1,-138.4,9.8,-137.5,-4.3,-1.2,7.5,285.1,00:02:03,0.000000,0.000000,0.000000,0,MECCONTOFF,1.3,FALSE,FALSE,FALSE,0.0,0.0,0.0
134,1083,00:02:16,F,LAUNCH_PAD,-0.9,25.7,100.8,4.0,0.1,-8.9,5.7,-2.4,-3.0,-6.7,6.3,29.3,00:02:04,0.000000,0.000000,0.000000,0,MECCONTOFF,1.3,FALSE,FALSE,FALSE,0.0,0.0,0.0
135,1083,00:02:17,F,LAUNCH_PAD,-1.2,25.7,100.8,4.0,0.1,142.6,-7.8,-11.4,-3.3,-5.1,8.3,23.4,00:02:05,0.000000,0.000000,0.000000,0,MECCONTOFF,1.3,FALSE,FALSE,FALSE,0.0,0.0,0.0
136,1083,00:02:18,F,LAUNCH_PAD,-0.8,25.7,100.7,4.0,0.1,20.4,-35.8,-13.2,-3.6,10.5,-1.6,354.6,00:02:06,0.000000,0.000000,0.000000,0,MECCONTOFF,1.3,FALSE,FALSE,FALSE,0.0,0.0,0.0
137,1083,00:02:19,F,LAUNCH_PAD,-0.7,25.7,100.7,4.0,0.1,17.8,-5.5,-4.4,-2.4,9.0,0.8,25.3,00:02:07,0.000000,0.000000,0.000000,0,MECCONTOFF,1.3,FALSE,FALSE,FALSE,0.0,0.0,0.0
138,1083,00:02:20,F,LAUNCH_PAD,-1.1,25.7,100.8,4.0,0.1,40.6,6.8,-16.6,-1.7,10.6,-0.7,31.4,00:02:08,0.000000,0.000000,0.000000,0,MECCONTOFF,1.3,FALSE,FALSE,FALSE,0.0,0.0,0.0
139,1083,00:02:21,F,LAUNCH_PAD,-0.3,25.7,100.7,4.0,0.1,3.4,12.4,-0.6,-1.5,-0.7,-8.6,19.2,00:02:09,0.000000,0.000000,0.000000,0,MECCONTOFF,1.3,FALSE,FALSE,FALSE,0.0,0.0,0.0
140,1083,00:02:22,F,LAUNCH_PAD,-0.2,25.7,100.7,4.0,0.1,3.8,-7.0,-2.7,-4.4,-3.8,-7.8,14.1,00:02:10,0.000000,0.000000,0.000000,0,MECCONTOFF,1.3,FALSE,FALSE,FALSE,0.0,0.0,0.0
141,1083,00:02:23,F,LAUNCH_PAD,-1.1,25.7,100.8,4.0,0.1,-87.9,44.1,-11.3,-3.0,-1.1,-8.9,1.4,00:02:11,0.000000,0.000000,0.000000,0,MECCONTOFF,1.3,FALSE,FALSE,FALSE,0.0,0.0,0.0
142,1083,00:02:24,F,LAUNCH_PAD,-1.2,25.7,100.8,4.0,0.1,-17.4,31.4,-18.6,-0.3,4.6,-8.2,305.5,00:02:12,0.000000,0.000000,0.000000,0,MECCONTOFF,1.3,FALSE,FALSE,FALSE,0.0,0.0,0.0
143,1083,00:02:25,F,LAUNCH_PAD,-1.1,25.7,100.7,4.0,0.1,19.2,-11.7,-20.1,-3.8,8.1,-2.7,4.9,00:02:13,0.000000,0.000000,0.000000,0,MECCONTOFF,1.3,FALSE,FALSE,FALSE,0.0,0.0,0.0
144,1083,00:02:26,F,LAUNCH_PAD,-0.7,25.7,100.7,4.0,0.1,-15.9,3.6,-14.5,-6.3,5.8,3.5,236.0,00:02:14,0.000000,0.000000,0.000000,0,MECCONTOFF,1.3,FALSE,FALSE,FALSE,0.0,0.0,0.0
145,1083,00:02:27,F,LAUNCH_PAD,-0.4,25.7,100.7,4.0,0.1,-25.0,-21.8,-9.2,-7.8,2.1,5.8,209.1,00:02:15,0.000000,0.000000,0.000000,0,MECCONTOFF,1.3,FALSE,FALSE,FALSE,0.0,0.0,0.0
146,1083,00:02:28,F,LAUNCH_PAD,-0.3,25.7,100.7,4.0,0.1,-42.9,-2.1,10.7,-8.1,-1.6,4.5,178.9,00:02:16,0.000000,0.000000,0.000000,0,MECCONTOFF,1.3,FALSE,FALSE,FALSE,0.0,0.0,0.0
147,1083,00:02:29,F,LAUNCH_PAD,-0.4,25.8,100.7,4.0,0.1,-108.8,-26.4,15.2,-6.6,-3.7,3.5,112.2,00:02:17,0.000000,0.000000,0.000000,0,MECCONTOFF,1.3,FALSE,FALSE,FALSE,0.0,0.0,0.0
148,1083,00:02:30,F,LAUNCH_PAD,-0.7,25.7,100.7,4.0,0.1,49.4,-3.2,6.0,-3.8,-5.8,6.7,88.7,00:02:18,0.000000,0.000000,0.000000,0,MECCONTOFF,1.3,FALSE,FALSE,FALSE,0.0,0.0,0.0
149,1083,00:02:31,F,LAUNCH_PAD,-0.8,25.7,100.7,4.0,0.1,-106.2,-20.4,23.8,-3.9,-4.2,8.2,305.6,00:02:19,0.000000,0.000000,0.000000,0,MECCONTOFF,1.3,FALSE,FALSE,FALSE,0.0,0.0,0.0
150,1083,00:02:32,F,LAUNCH_PAD,-0.9,25.8,100.7,4.0,0.1,93.1,8.3,-32.0,-4.4,-7.7,3.9,316.9,00:02:20,0.000000,0.000000,0.000000,0,MECCONTOFF,1.3,FALSE,FALSE,FALSE,0.0,0.0,0.0
151,1083,00:02:33,F,LAUNCH_PAD,-0.4,25.8,100.7,4.0,0.1,0.9,17.5,18.8,-3.5,-6.8,6.9,56.3,00:02:21,0.000000,0.000000,0.000000,0,MECCONTOFF,1.3,FALSE,FALSE,FALSE,0.0,0.0,0.0
152,1083,00:02:34,F,LAUNCH_PAD,-0.2,25.8,100.7,4.0,0.1,-8.6,-7.2,10.8,-5.4,-8.1,6.0,52.0,00:02:22,0.000000,0.000000,0.000000,0,MECCONTOFF,1.3,FALSE,FALSE,FALSE,0.0,0.0,0.0
153,1083,00:02:35,F,LAUNCH_PAD,0.2,25.8,100.7,4.0,0.1,-28.8,30.1,27.5,-4.4,-7.0,6.1,51.8,00:02:23,0.000000,0.000000,0.000000,0,MECCONTOFF,1.3,FALSE,FALSE,FALSE,0.0,0.0,0.0
154,1083,00:02:36,F,LAUNCH_PAD,-0.9,25.8,100.8,4.0,0.1,2.6,10.1,5.1,-6.2,-5.7,4.5,50.3,00:02:24,0.000000,0.000000,0.000000,0,MECCONTOFF,1.3,FALSE,FALSE,FALSE,0.0,0.0,0.0
155,1083,00:02:37,F,LAUNCH_PAD,-0.8,25.8,100.7,4.0,0.1,-1.1,8.2,2.4,-8.4,-3.7,2.6,53.2,00:02:25,0.000000,0.000000,0.000000,0,MECCONTOFF,1.3,FALSE,FALSE,FALSE,0.0,0.0,0.0
156,1083,00:02:38,F,LAUNCH_PAD,-0.7,25.8,100.7,4.0,0.1,3.0,-1.9,-0.7,-8.5,-4.0,2.4,54.1,00:02:26,0.000000,0.000000,0.000000,0,MECCONTOFF,1.3,FALSE,FALSE,FALSE,0.0,0.0,0.0
157,1083,00:02:39,F,LAUNCH_PAD,-0.5,25.8,100.7,4.0,0.1,26.8,0.8,-0.3,-7.7,-2.7,5.1,76.4,00:02:27,0.000000,0.000000,0.000000,0,MECCONTOFF,1.3,FALSE,FALSE,FALSE,0.0,0.0,0.0
158,1083,00:02:40,F,LAUNCH_PAD,-0.5,25.8,100.7,4.0,0.1,4.9,-6.7,-2.4,-7.4,-2.7,5.2,80.5,00:02:28,0.000000,0.000000,0.000000,0,MECCONTOFF,1.3,FALSE,FALSE,FALSE,0.0,0.0,0.0
159,1083,00:02:41,F,LAUNCH_PAD,-0.1,25.8,100.7,4.0,0.1,-28.3,7.8,19.4,-9.2,-2.6,3.2,84.8,00:02:29,0.000000,0.000000,0.000000,0,MECCONTOFF,1.3,FALSE,FALSE,FALSE,0.0,0.0,0.0
160,1083,00:02:42,F,LAUNCH_PAD,-0.6,25.8,100.7,4.0,0.1,-19.8,-4.2,29.3,-8.7,-3.7,4.3,89.7,00:02:30,0.000000,0.000000,0.000000,0,MECCONTOFF,1.3,FALSE,FALSE,FALSE,0.0,0.0,0.0
161,1083,00:02:43,F,LAUNCH_PAD,-0.9,25.9,100.8,4.0,0.1,-3.7,-1.4,-0.9,-8.7,-3.7,4.2,90.3,00:02:31,0.000000,0.000000,0.000000,0,MECCONTOFF,1.3,FALSE,FALSE,FALSE,0.0,0.0,0.0
162,1083,00:02:44,F,LAUNCH_PAD,-0.9,25.9,100.8,4.0,0.1,-12.4,16.9,1.9,-8.1,-1.5,5.5,86.8,00:02:32,0.000000,0.000000,0.000000,0,MECCONTOFF,1.3,FALSE,FALSE,FALSE,0.0,0.0,0.0
163,1083,00:02:45,F,LAUNCH_PAD,-0.8,25.9,100.8,4.0,0.1,5.1,11.1,8.1,-7.5,-2.3,4.7,82.2,00:02:33,0.000000,0.000000,0.000000,0,MECCONTOFF,1.3,FALSE,FALSE,FALSE,0.0,0.0,0.0
164,1083,00:02:46,F,LAUNCH_PAD,-0.1,25.9,100.7,4.0,0.1,16.1,-1.9,-1.1,-7.7,-3.5,5.1,75.5,00:02:34,0.000000,0.000000,0.000000,0,MECCONTOFF,1.3,FALSE,FALSE,FALSE,0.0,0.0,0.0
165,1083,00:02:47,F,LAUNCH_PAD,-1.0,25.9,100.8,4.0,0.1,-8.3,12.4,7.1,-7.6,-4.1,4.7,74.9,00:02:35,0.000000,0.000000,0.000000,0,MECCONTOFF,1.3,FALSE,FALSE,FALSE,0.0,0.0,0.0
166,1083,00:02:48,F,LAUNCH_PAD,-1.2,25.9,100.7,4.0,0.1,28.9,5.8,-0.1,-7.9,-4.5,3.5,70.0,00:02:36,0.000000,0.000000,0.000000,0,MECCONTOFF,1.3,FALSE,FALSE,FALSE,0.0,0.0,0.0
167,1083,00:02:49,F,LAUNCH_PAD,-0.3,25.9,100.7,4.0,0.1,2.3,-1.0,9.7,-7.8,-4.4,3.6,69.3,00:02:37,0.000000,0.000000,0.000000,0,MECCONTOFF,1.3,FALSE,FALSE,FALSE,0.0,0.0,0.0
168,1083,00:02:50,F,LAUNCH_PAD,-1.0,25.9,100.8,4.0,0.1,15.6,23.8,21.3,-7.6,-4.5,4.0,65.3,00:02:38,0.000000,0.000000,0.000000,0,MECCONTOFF,1.3,FALSE,FALSE,FALSE,0.0,0.0,0.0
169,1083,00:02:51,F,LAUNCH_PAD,-1.0,25.9,100.8,4.0,0.1,-9.2,-11.9,-10.2,-7.8,-4.0,4.4,65.8,00:02:39,0.000000,0.000000,0.000000,0,MECCONTOFF,1.3,FALSE,FALSE,FALSE,0.0,0.0,0.0
170,1083,00:02:52,F,LAUNCH_PAD,-0.6,25.9,100.7,4.0,0.1,-61.1,16.8,-24.1,-7.0,-4.9,4.4,48.8,00:02:40,0.000000,0.000000,0.000000,0,MECCONTOFF,1.3,FALSE,FALSE,FALSE,0.0,0.0,0.0
171,1083,00:02:53,F,LAUNCH_PAD,-0.8,26.0,100.7,4.0,0.1,29.8,-10.0,31.6,-7.5,-6.2,1.6,43.3,00:02:41,0.000000,0.000000,0.000000,0,MECCONTOFF,1.3,FALSE,FALSE,FALSE,0.0,0.0,0.0
172,1083,00:02:54,F,LAUNCH_PAD,-0.9,26.0,100.8,4.0,0.1,40.3,3.1,-3.5,-7.8,-4.1,5.3,64.2,00:02:42,0.000000,0.000000,0.000000,0,MECCONTOFF,1.3,FALSE,FALSE,FALSE,0.0,0.0,0.0
173,1083,00:02:55,F,LAUNCH_PAD,-1.2,26.0,100.8,4.0,0.1,46.1,-19.2,-17.7,-7.3,-1.5,4.8,108.3,00:02:43,0.000000,0.000000,0.000000,0,MECCONTOFF,1.3,FALSE,FALSE,FALSE,0.0,0.0,0.0
174,1083,00:02:56,F,LAUNCH_PAD,-1.4,26.0,100.8,4.0,0.1,-38.1,-17.6,-14.7,-5.6,1.8,5.7,278.0,00:02:44,0.000000,0.000000,0.000000,0,MECCONTOFF,1.3,FALSE,FALSE,FALSE,0.0,0.0,0.0
175,1083,00:02:57,F,LAUNCH_PAD,-0.4,26.0,100.7,4.0,0.1,-16.2,3.6,-2.7,-5.4,0.1,7.9,299.5,00:02:45,0.000000,0.000000,0.000000,0,MECCONTOFF,1.3,FALSE,FALSE,FALSE,0.0,0.0,0.0
176,1083,00:02:58,F,LAUNCH_PAD,-1.1,26.0,100.8,4.0,0.1,-5.1,1.2,9.4,-5.2,-2.1,7.9,311.5,00:02:46,0.000000,0.000000,0.000000,0,MECCONTOFF,1.3,FALSE,FALSE,FALSE,0.0,0.0,0.0
177,1083,00:02:59,F,LAUNCH_PAD,-1.1,26.0,100.8,4.0,0.1,-2.6,-9.8,-14.7,-6.0,-1.8,7.0,322.6,00:02:47,0.000000,0.000000,0.000000,0,MECCONTOFF,1.3,FALSE,FALSE,FALSE,0.0,0.0,0.0
178,1083,00:03:00,F,LAUNCH_PAD,-0.4,26.0,100.7,4.0,0.1,-18.7,0.4,-3.5,-6.2,-3.2,7.3,331.9,00:02:48,0.000000,0.000000,0.000000,0,MECCONTOFF,1.3,FALSE,FALSE,FALSE,0.0,0.0,0.0
179,1083,00:03:01,F,LAUNCH_PAD,-1.0,26.0,100.8,4.0,0.1,10.9,9.9,12.7,-5.3,-2.3,7.3,321.3,00:02:49,0.000000,0.000000,0.000000,0,MECCONTOFF,1.3,FALSE,FALSE,FALSE,0.0,0.0,0.0
180,1083,00:03:02,F,LAUNCH_PAD,-0.8,26.0,100.7,4.0,0.1,-1.8,-9.0,-1.3,-7.3,-1.7,6.0,109.1,00:02:50,0.000000,0.000000,0.000000,0,MECCONTOFF,1.3,FALSE,FALSE,FALSE,0.0,0.0,0.0
181,1083,00:03:03,F,LAUNCH_PAD,-0.9,26.0,100.8,4.0,0.1,-5.6,11.0,-3.6,-6.3,-0.9,6.2,112.6,00:02:51,0.000000,0.000000,0.000000,0,MECCONTOFF,1.3,FALSE,FALSE,FALSE,0.0,0.0,0.0
182,1083,00:03:04,F,LAUNCH_PAD,-0.1,26.0,100.7,4.0,0.1,37.1,19.3,48.2,-7.9,-0.6,4.2,112.9,00:02:52,0.000000,0.000000,0.000000,0,MECCONTOFF,1.3,FALSE,FALSE,FALSE,0.0,0.0,0.0
183,1083,00:03:05,F,LAUNCH_PAD,-0.3,26.0,100.7,4.0,0.1,1.2,6.2,1.6,-8.6,0.2,2.2,107.7,00:02:53,0.000000,0.000000,0.000000,0,MECCONTOFF,1.3,FALSE,FALSE,FALSE,0.0,0.0,0.0
184,1083,00:03:06,F,LAUNCH_PAD,0.1,26.0,100.7,4.0,0.1,-25.8,20.0,-4.8,-7.8,-0.2,5.0,119.8,00:02:54,0.000000,0.000000,0.000000,0,MECCONTOFF,1.3,FALSE,FALSE,FALSE,0.0,0.0,0.0
185,1083,00:03:07,F,LAUNCH_PAD,0.2,26.0,100.7,4.0,0.1,-0.2,15.8,9.1,-7.8,-0.8,5.2,123.5,00:02:55,0.000000,0.000000,0.000000,0,MECCONTOFF,1.3,FALSE,FALSE,FALSE,0.0,0.0,0.0
186,1083,00:03:08,F,LAUNCH_PAD,-0.2,26.1,100.7,4.0,0.1,-1.9,7.6,15.5,-9.3,-0.1,1.6,110.7,00:02:56,0.000000,0.000000,0.000000,0,MECCONTOFF,1.3,FALSE,FALSE,FALSE,0.0,0.0,0.0
187,1083,00:03:09,F,LAUNCH_PAD,-0.3,26.1,100.7,4.0,0.1,-8.3,9.1,17.7,-9.6,-0.7,-0.2,101.4,00:02:57,0.000000,0.000000,0.000000,0,MECCONTOFF,1.3,FALSE,FALSE,FALSE,0.0,0.0,0.0
188,1083,00:03:10,F,LAUNCH_PAD,0.4,26.1,100.7,4.0,0.1,-22.0,4.1,-7.5,-8.7,0.4,1.1,98.4,00:02:59,0.000000,0.000000,0.000000,0,MECCONTOFF,1.3,FALSE,FALSE,FALSE,0.0,0.0,0.0
189,1083,00:03:11,F,LAUNCH_PAD,-0.6,26.1,100.7,4.0,0.1,21.0,24.5,-11.7,-10.3,0.9,1.9,88.4,00:03:00,0.000000,0.000000,0.000000,0,MECCONTOFF,1.3,FALSE,FALSE,FALSE,0.0,0.0,0.0
190,1083,00:03:12,F,LAUNCH_PAD,0.4,26.1,100.7,4.0,0.1,-8.4,3.8,16.1,-9.5,-1.0,1.6,72.0,00:03:01,0.000000,0.000000,0.000000,0,MECCONTOFF,1.3,FALSE,FALSE,FALSE,0.0,0.0,0.0
191,1083,00:03:13,F,LAUNCH_PAD,-0.3,26.1,100.7,4.0,0.1,-97.8,9.8,-20.1,-9.1,0.0,1.6,46.2,00:03:02,0.000000,0.000000,0.000000,0,MECCONTOFF,1.3,FALSE,FALSE,FALSE,0.0,0.0,0.0
192,1083,00:03:14,F,LAUNCH_PAD,-0.4,26.1,100.7,4.0,0.1,-10.4,-6.3,-1.9,-9.1,-3.0,0.3,9.1,00:03:03,0.000000,0.000000,0.000000,0,MECCONTOFF,1.3,FALSE,FALSE,FALSE,0.0,0.0,0.0
193,1083,00:03:15,F,LAUNCH_PAD,0.6,26.1,100.7,4.0,0.1,-13.8,10.1,15.5,-9.2,-1.6,-0.7,353.5,00:03:04,0.000000,0.000000,0.000000,0,MECCONTOFF,1.3,FALSE,FALSE,FALSE,0.0,0.0,0.0
194,1083,00:03:16,F,LAUNCH_PAD,0.1,26.1,100.7,4.0,0.1,-6.0,-26.9,-6.9,-9.4,0.2,0.5,350.1,00:03:05,0.000000,0.000000,0.000000,0,MECCONTOFF,1.3,FALSE,FALSE,FALSE,0.0,0.0,0.0
195,1083,00:03:17,F,LAUNCH_PAD,-0.3,26.1,100.7,4.0,0.1,-53.2,-1.7,-2.3,-9.4,-1.3,1.5,345.8,00:03:06,0.000000,0.000000,0.000000,0,MECCONTOFF,1.3,FALSE,FALSE,FALSE,0.0,0.0,0.0
196,1083,00:03:18,F,LAUNCH_PAD,-0.5,26.1,100.7,4.0,0.1,-120.2,-6.5,-0.4,-7.7,-4.5,-3.4,289.1,00:03:07,0.000000,0.000000,0.000000,0,MECCONTOFF,1.3,FALSE,FALSE,FALSE,0.0,0.0,0.0
197,1083,00:03:19,F,LAUNCH_PAD,-1.0,26.1,100.8,4.0,0.1,-73.8,-25.2,-75.2,-7.5,-5.4,-2.3,221.2,00:03:08,0.000000,0.000000,0.000000,0,MECCONTOFF,1.3,FALSE,FALSE,FALSE,0.0,0.0,0.0
198,1083,00:03:20,F,LAUNCH_PAD,-0.9,26.1,100.8,4.0,0.1,-2.1,9.9,-8.0,-5.1,-5.7,-5.6,189.4,00:03:09,0.000000,0.000000,0.000000,0,MECCONTOFF,1.3,FALSE,FALSE,FALSE,0.0,0.0,0.0
199,1083,00:03:21,F,LAUNCH_PAD,-0.1,26.1,100.7,4.0,0.1,12.7,4.3,-5.1,-5.0,-5.9,-4.7,184.7,00:03:10,0.000000,0.000000,0.000000,0,MECCONTOFF,1.3,FALSE,FALSE,FALSE,0.0,0.0,0.0
200,1083,00:03:22,F,LAUNCH_PAD,-0.9,26.1,100.8,4.0,0.1,-29.7,11.0,7.6,-3.4,-5.6,-3.7,186.1,00:03:11,0.000000,0.000000,0.000000,0,MECCONTOFF,1.3,FALSE,FALSE,FALSE,0.0,0.0,0.0
201,1083,00:03:23,F,LAUNCH_PAD,-1.1,26.1,100.8,4.0,0.1,14.3,4.9,0.2,-5.5,-5.8,-4.5,185.2,00:03:12,0.000000,0.000000,0.000000,0,MECCONTOFF,1.3,FALSE,FALSE,FALSE,0.0,0.0,0.0
202,1083,00:03:24,F,LAUNCH_PAD,-0.5,26.1,100.7,4.0,0.1,-6.4,-0.4,0.2,-5.3,-5.9,-7.3,180.6,00:03:13,0.000000,0.000000,0.000000,0,MECCONTOFF,1.3,FALSE,FALSE,FALSE,0.0,0.0,0.0
203,1083,00:03:25,F,LAUNCH_PAD,-0.8,26.2,100.8,4.0,0.1,-12.3,2.4,-1.3,-4.7,-5.7,-6.6,180.4,00:03:14,0.000000,0.000000,0.000000,0,MECCONTOFF,1.3,FALSE,FALSE,FALSE,0.0,0.0,0.0
204,1083,00:03:26,F,LAUNCH_PAD,-1.4,26.2,100.8,4.0,0.1,-5.2,-4.9,-1.9,-2.8,-5.8,-9.2,172.6,00:03:15,0.000000,0.000000,0.000000,0,MECCONTOFF,1.3,FALSE,FALSE,FALSE,0.0,0.0,0.0
205,1083,00:03:27,F,LAUNCH_PAD,-1.0,26.2,100.8,4.0,0.1,-2.3,-1.2,-2.8,-2.7,-5.0,-8.4,161.6,00:03:16,0.000000,0.000000,0.000000,0,MECCONTOFF,1.3,FALSE,FALSE,FALSE,0.0,0.0,0.0
206,1083,00:03:28,F,LAUNCH_PAD,-0.4,26.2,100.7,4.0,0.1,-1.6,-0.9,2.9,-2.8,-4.6,-8.3,161.2,00:03:17,0.000000,0.000000,0.000000,0,MECCONTOFF,1.3,FALSE,FALSE,FALSE,0.0,0.0,0.0
207,1083,00:03:29,F,LAUNCH_PAD,-0.7,26.2,100.7,4.0,0.1,5.6,4.1,5.6,-3.3,-4.5,-7.1,161.0,00:03:18,0.000000,0.000000,0.000000,0,MECCONTOFF,1.3,FALSE,FALSE,FALSE,0.0,0.0,0.0
208,1083,00:03:30,F,LAUNCH_PAD,-1.4,26.2,100.8,4.0,0.1,-6.1,15.9,12.9,-1.4,-3.4,-7.6,171.9,00:03:19,0.000000,0.000000,0.000000,0,MECCONTOFF,1.3,FALSE,FALSE,FALSE,0.0,0.0,0.0
209,1083,00:03:31,F,LAUNCH_PAD,-1.8,26.1,100.8,4.0,0.1,3.1,4.0,-1.9,-0.4,-4.1,-9.1,174.0,00:03:20,0.000000,0.000000,0.000000,0,MECCONTOFF,1.3,FALSE,FALSE,FALSE,0.0,0.0,0.0
210,1083,00:03:32,F,LAUNCH_PAD,-1.9,26.1,100.8,4.0,0.1,-16.5,1.2,0.6,-1.0,-4.0,-8.0,177.8,00:03:21,0.000000,0.000000,0.000000,0,MECCONTOFF,1.3,FALSE,FALSE,FALSE,0.0,0.0,0.0
211,1083,00:03:33,F,LAUNCH_PAD,-1.4,26.1,100.8,4.0,0.1,1.9,18.9,3.7,0.8,7.0,-6.1,194.9,00:03:22,0.000000,0.000000,0.000000,0,MECCONTOFF,1.3,FALSE,FALSE,FALSE,0.0,0.0,0.0
212,1083,00:03:34,F,LAUNCH_PAD,-1.2,26.1,100.8,4.0,0.1,1.6,-1.8,7.8,-0.4,9.0,-3.7,182.9,00:03:23,0.000000,0.000000,0.000000,0,MECCONTOFF,1.3,FALSE,FALSE,FALSE,0.0,0.0,0.0
213,1083,00:03:35,F,LAUNCH_PAD,-1.1,26.1,100.8,4.0,0.1,-15.2,3.4,-1.4,-0.1,8.6,-2.2,183.4,00:03:24,0.000000,0.000000,0.000000,0,MECCONTOFF,1.3,FALSE,FALSE,FALSE,0.0,0.0,0.0
214,1083,00:03:36,F,LAUNCH_PAD,-1.4,26.1,100.8,4.0,0.1,-17.9,5.8,-10.9,-1.3,9.1,-2.0,183.5,00:03:25,0.000000,0.000000,0.000000,0,MECCONTOFF,1.3,FALSE,FALSE,FALSE,0.0,0.0,0.0
215,1083,00:03:37,F,LAUNCH_PAD,-1.5,26.1,100.8,4.0,0.1,29.1,1.0,2.2,0.6,8.5,-2.8,182.1,00:03:26,0.000000,0.000000,0.000000,0,MECCONTOFF,1.3,FALSE,FALSE,FALSE,0.0,0.0,0.0
216,1083,00:03:38,F,LAUNCH_PAD,-0.3,26.2,100.8,4.0,0.1,9.9,-0.6,-9.8,0.0,9.3,-2.1,183.0,00:03:27,0.000000,0.000000,0.000000,0,MECCONTOFF,1.3,FALSE,FALSE,FALSE,0.0,0.0,0.0
217,1083,00:03:39,F,LAUNCH_PAD,-1.6,26.1,100.8,4.0,0.1,-1.0,1.8,4.1,0.1,8.8,-2.4,183.1,00:03:28,0.000000,0.000000,0.000000,0,MECCONTOFF,1.3,FALSE,FALSE,FALSE,0.0,0.0,0.0
218,1083,00:03:40,F,LAUNCH_PAD,-1.5,26.2,100.8,4.0,0.1,-8.6,-1.0,-5.9,-0.3,8.6,-2.4,182.0,00:03:29,0.000000,0.000000,0.000000,0,MECCONTOFF,1.3,FALSE,FALSE,FALSE,0.0,0.0,0.0
219,1083,00:03:41,F,LAUNCH_PAD,-1.6,26.2,100.8,4.0,0.1,-0.3,2.1,11.3,0.8,7.8,-3.7,192.8,00:03:30,0.000000,0.000000,0.000000,0,MECCONTOFF,1.3,FALSE,FALSE,FALSE,0.0,0.0,0.0
220,1083,00:03:42,F,LAUNCH_PAD,-1.6,26.2,100.8,4.0,0.1,-21.1,32.4,61.3,-1.0,11.7,-4.4,180.6,00:03:31,0.000000,0.000000,0.000000,0,MECCONTOFF,1.3,FALSE,FALSE,FALSE,0.0,0.0,0.0
221,1083,00:03:43,F,LAUNCH_PAD,-1.8,26.2,100.8,4.0,0.1,256.2,-22.1,-26.3,0.0,2.6,-11.5,155.1,00:03:32,0.000000,0.000000,0.000000,0,MECCONTOFF,1.3,FALSE,FALSE,FALSE,0.0,0.0,0.0
222,1083,00:03:44,F,LAUNCH_PAD,-1.3,26.2,100.8,4.0,0.1,53.6,-83.6,61.3,1.9,-3.7,-6.6,171.5,00:03:33,0.000000,0.000000,0.000000,0,MECCONTOFF,1.3,FALSE,FALSE,FALSE,0.0,0.0,0.0
223,1083,00:03:45,F,LAUNCH_PAD,-1.6,26.2,100.8,4.0,0.1,18.1,-41.1,30.8,4.7,-4.1,-5.8,182.4,00:03:34,0.000000,0.000000,0.000000,0,MECCONTOFF,1.3,FALSE,FALSE,FALSE,0.0,0.0,0.0
224,1083,00:03:46,F,LAUNCH_PAD,-0.9,26.2,100.8,4.0,0.1,4.1,7.2,-21.0,-3.3,-8.9,-5.9,111.6,00:03:35,0.000000,0.000000,0.000000,0,MECCONTOFF,1.3,FALSE,FALSE,FALSE,0.0,0.0,0.0
225,1083,00:03:47,F,LAUNCH_PAD,-1.5,26.1,100.8,4.0,0.1,59.2,-1.2,2.9,-0.1,-9.0,-4.2,120.5,00:03:36,0.000000,0.000000,0.000000,0,MECCONTOFF,1.3,FALSE,FALSE,FALSE,0.0,0.0,0.0
226,1083,00:03:48,F,LAUNCH_PAD,-1.7,26.1,100.8,4.0,0.1,20.7,-83.4,38.4,-0.0,-3.0,-9.2,165.8,00:03:37,0.000000,0.000000,0.000000,0,MECCONTOFF,1.3,FALSE,FALSE,FALSE,0.0,0.0,0.0
227,1083,00:03:49,F,LAUNCH_PAD,-1.1,26.1,100.8,4.0,0.1,-96.7,73.4,-57.3,4.1,-2.6,-5.9,169.7,00:03:38,0.000000,0.000000,0.000000,0,MECCONTOFF,1.3,FALSE,FALSE,FALSE,0.0,0.0,0.0
228,1083,00:03:50,F,LAUNCH_PAD,-1.6,26.1,100.8,4.0,0.1,10.7,-0.9,19.8,0.1,-6.2,-8.2,186.8,00:03:39,0.000000,0.000000,0.000000,0,MECCONTOFF,1.3,FALSE,FALSE,FALSE,0.0,0.0,0.0
229,1083,00:03:51,F,LAUNCH_PAD,-0.3,26.2,100.7,4.0,0.1,20.1,-1.8,10.1,-1.4,-9.4,-6.9,112.2,00:03:40,0.000000,0.000000,0.000000,0,MECCONTOFF,1.3,FALSE,FALSE,FALSE,0.0,0.0,0.0
230,1083,00:03:52,F,LAUNCH_PAD,-1.0,26.2,100.8,4.0,0.1,0.6,-6.6,10.6,1.4,-8.6,-4.0,127.5,00:03:41,0.000000,0.000000,0.000000,0,MECCONTOFF,1.3,FALSE,FALSE,FALSE,0.0,0.0,0.0
231,1083,00:03:53,F,LAUNCH_PAD,-1.4,26.2,100.8,4.0,0.1,57.2,-8.8,-12.6,-0.6,-8.4,-7.2,103.1,00:03:42,0.000000,0.000000,0.000000,0,MECCONTOFF,1.3,FALSE,FALSE,FALSE,0.0,0.0,0.0
232,1083,00:03:54,F,LAUNCH_PAD,-1.0,26.2,100.8,4.0,0.1,-1.4,-24.8,-12.0,2.2,-6.4,-5.5,89.9,00:03:43,0.000000,0.000000,0.000000,0,MECCONTOFF,1.3,FALSE,FALSE,FALSE,0.0,0.0,0.0
233,1083,00:03:55,F,LAUNCH_PAD,-1.1,26.2,100.8,4.0,0.1,15.5,-0.4,10.6,0.4,-15.2,8.6,169.9,00:03:44,0.000000,0.000000,0.000000,0,MECCONTOFF,1.3,FALSE,FALSE,FALSE,0.0,0.0,0.0
234,1083,00:03:56,F,LAUNCH_PAD,-1.6,26.2,100.8,4.0,0.1,-6.9,0.0,0.2,-0.1,-8.5,4.8,180.8,00:03:45,0.000000,0.000000,0.000000,0,MECCONTOFF,1.3,FALSE,FALSE,FALSE,0.0,0.0,0.0
235,1083,00:03:57,F,LAUNCH_PAD,-1.9,26.2,100.8,4.0,0.1,-16.1,0.2,0.6,-0.1,-8.8,4.3,177.4,00:03:46,0.000000,0.000000,0.000000,0,MECCONTOFF,1.3,FALSE,FALSE,FALSE,0.0,0.0,0.0
236,1083,00:03:58,F,LAUNCH_PAD,-1.8,26.2,100.8,4.0,0.1,0.1,-0.1,0.1,-0.1,-8.7,4.4,178.0,00:03:47,0.000000,0.000000,0.000000,0,MECCONTOFF,1.3,FALSE,FALSE,FALSE,0.0,0.0,0.0
237,1083,00:03:59,F,LAUNCH_PAD,-2.2,26.2,100.8,4.0,0.1,-1.8,0.0,0.2,-0.1,-8.9,4.1,177.2,00:03:48,0.000000,0.000000,0.000000,0,MECCONTOFF,1.3,FALSE,FALSE,FALSE,0.0,0.0,0.0
238,1083,00:04:00,F,LAUNCH_PAD,-1.9,26.2,100.8,4.0,0.1,0.8,-0.1,0.2,-0.1,-8.8,4.3,177.1,00:03:49,0.000000,0.000000,0.000000,0,MECCONTOFF,1.3,FALSE,FALSE,FALSE,0.0,0.0,0.0
239,1083,00:04:01,F,LAUNCH_PAD,-1.5,26.3,100.8,4.0,0.1,-0.1,-0.1,0.1,-0.1,-8.9,4.2,176.9,00:03:50,0.000000,0.000000,0.000000,0,MECCONTOFF,1.3,FALSE,FALSE,FALSE,0.0,0.0,0.0
240,1083,00:04:02,F,LAUNCH_PAD,-2.0,26.3,100.8,4.0,0.1,-0.2,0.0,-0.0,-0.1,-8.8,4.2,176.9,00:03:51,0.000000,0.000000,0.000000,0,MECCONTOFF,1.3,FALSE,FALSE,FALSE,0.0,0.0,0.0
241,1083,00:04:03,F,LAUNCH_PAD,-1.9,26.2,100.8,4.0,0.1,-0.2,0.0,-0.1,-0.1,-8.8,4.3,176.9,00:03:52,0.000000,0.000000,0.000000,0,MECCONTOFF,1.3,FALSE,FALSE,FALSE,0.0,0.0,0.0
242,1083,00:04:04,F,LAUNCH_PAD,-1.5,26.2,100.8,4.0,0.1,-0.2,-0.1,-0.2,-0.1,-8.8,4.2,176.9,00:03:53,0.000000,0.000000,0.000000,0,MECCONTOFF,1.3,FALSE,FALSE,FALSE,0.0,0.0,0.0
243,1083,00:04:05,F,LAUNCH_PAD,-1.1,26.3,100.8,4.0,0.1,2.5,0.1,-0.0,-0.1,-8.8,4.2,176.9,00:03:54,0.000000,0.000000,0.000000,0,MECCONTOFF,1.3,FALSE,FALSE,FALSE,0.0,0.0,0.0
244,1083,00:04:06,F,LAUNCH_PAD,-1.4,26.3,100.8,4.0,0.1,-2.3,43.2,83.1,1.0,-5.2,-3.8,111.6,00:03:55,0.000000,0.000000,0.000000,0,MECCONTOFF,1.3,FALSE,FALSE,FALSE,0.0,0.0,0.0
245,1083,00:04:07,F,LAUNCH_PAD,-1.3,26.2,100.8,4.0,0.1,119.7,38.9,52.5,-3.4,-9.9,1.0,175.7,00:03:56,0.000000,0.000000,0.000000,0,MECCONTOFF,1.3,FALSE,FALSE,FALSE,0.0,0.0,0.0
246,1083,00:04:08,F,LAUNCH_PAD,-1.6,26.2,100.8,4.0,0.1,-1.7,4.9,-7.1,-1.4,-9.8,2.2,204.8,00:03:57,0.000000,0.000000,0.000000,0,MECCONTOFF,1.3,FALSE,FALSE,FALSE,0.0,0.0,0.0
247,1083,00:04:09,F,LAUNCH_PAD,-1.0,26.2,100.8,4.0,0.1,-0.6,5.6,-5.2,-1.6,-9.0,3.0,203.8,00:03:58,0.000000,0.000000,0.000000,0,MECCONTOFF,1.3,FALSE,FALSE,FALSE,0.0,0.0,0.0
248,1083,00:04:10,F,LAUNCH_PAD,-1.3,26.3,100.8,4.0,0.1,-1.0,-0.9,-1.5,-1.2,-9.1,2.8,201.9,00:03:59,0.000000,0.000000,0.000000,0,MECCONTOFF,1.3,FALSE,FALSE,FALSE,0.0,0.0,0.0
249,1083,00:04:11,F,LAUNCH_PAD,-1.6,26.3,100.8,4.0,0.1,0.7,0.7,0.4,-1.0,-9.1,3.0,202.3,00:04:00,0.000000,0.000000,0.000000,0,MECCONTOFF,1.3,FALSE,FALSE,FALSE,0.0,0.0,0.0
250,1083,00:04:12,F,LAUNCH_PAD,-1.5,26.3,100.8,4.0,0.1,-0.4,-1.2,0.2,-1.3,-9.3,2.6,202.4,00:04:01,0.000000,0.000000,0.000000,0,MECCONTOFF,1.3,FALSE,FALSE,FALSE,0.0,0.0,0.0
251,1083,00:04:13,F,LAUNCH_PAD,-0.9,26.3,100.8,4.0,0.1,2.8,-4.8,0.9,-1.5,-9.3,2.8,202.6,00:04:02,0.000000,0.000000,0.000000,0,MECCONTOFF,1.3,FALSE,FALSE,FALSE,0.0,0.0,0.0
252,1083,00:04:14,F,LAUNCH_PAD,-1.3,26.3,100.8,4.0,0.1,44.1,-35.4,5.2,1.8,-5.9,3.3,200.8,00:04:03,0.000000,0.000000,0.000000,0,MECCONTOFF,1.3,FALSE,FALSE,FALSE,0.0,0.0,0.0
253,1083,00:04:15,F,LAUNCH_PAD,-1.3,26.3,100.8,4.0,0.1,0.4,-8.4,-0.2,1.7,-9.8,3.4,151.1,00:04:04,0.000000,0.000000,0.000000,0,MECCONTOFF,1.3,FALSE,FALSE,FALSE,0.0,0.0,0.0
254,1083,00:04:16,F,LAUNCH_PAD,-1.3,26.3,100.8,4.0,0.1,-0.9,-2.4,1.6,0.6,-9.4,3.1,153.2,00:04:05,0.000000,0.000000,0.000000,0,MECCONTOFF,1.3,FALSE,FALSE,FALSE,0.0,0.0,0.0
255,1083,00:04:17,F,LAUNCH_PAD,-1.4,26.3,100.8,4.0,0.1,12.9,1.2,2.7,0.8,-9.8,3.6,151.9,00:04:06,0.000000,0.000000,0.000000,0,MECCONTOFF,1.3,FALSE,FALSE,FALSE,0.0,0.0,0.0
256,1083,00:04:18,F,LAUNCH_PAD,0.5,26.2,100.7,4.0,0.1,-40.1,-5.2,33.1,-0.7,-9.4,2.3,144.2,00:04:07,0.000000,0.000000,0.000000,0,MECCONTOFF,1.3,FALSE,FALSE,FALSE,0.0,0.0,0.0
257,1083,00:04:19,F,LAUNCH_PAD,-1.2,26.4,100.8,4.0,0.1,-16.7,2.3,2.8,1.3,-9.2,1.8,142.2,00:04:08,0.000000,0.000000,0.000000,0,MECCONTOFF,1.3,FALSE,FALSE,FALSE,0.0,0.0,0.0
258,1083,00:04:20,F,LAUNCH_PAD,-1.2,26.4,100.8,4.0,0.1,78.2,-1.9,5.6,0.3,-9.1,3.9,156.9,00:04:09,0.000000,0.000000,0.000000,0,MECCONTOFF,1.3,FALSE,FALSE,FALSE,0.0,0.0,0.0
259,1083,00:04:21,F,LAUNCH_PAD,-0.9,26.4,100.8,4.0,0.1,1.0,-1.2,-2.2,0.1,-8.4,5.5,162.3,00:04:10,0.000000,0.000000,0.000000,0,MECCONTOFF,1.3,FALSE,FALSE,FALSE,0.0,0.0,0.0
260,1083,00:04:22,F,LAUNCH_PAD,-1.2,26.4,100.8,4.0,0.1,61.3,61.9,-20.4,0.0,-8.6,4.4,176.4,00:04:11,0.000000,0.000000,0.000000,0,MECCONTOFF,1.3,FALSE,FALSE,FALSE,0.0,0.0,0.0
261,1083,00:04:23,F,LAUNCH_PAD,-1.7,26.3,100.8,4.0,0.1,4.7,13.6,0.7,0.3,-9.0,5.0,171.2,00:04:12,0.000000,0.000000,0.000000,0,MECCONTOFF,1.3,FALSE,FALSE,FALSE,0.0,0.0,0.0
262,1083,00:04:24,F,LAUNCH_PAD,-1.2,26.4,100.8,4.0,0.1,1.6,-0.9,3.1,0.9,-8.7,4.7,173.9,00:04:13,0.000000,0.000000,0.000000,0,MECCONTOFF,1.3,FALSE,FALSE,FALSE,0.0,0.0,0.0
263,1083,00:04:25,F,LAUNCH_PAD,-1.6,26.4,100.8,4.0,0.1,-0.3,-1.8,1.9,0.6,-8.2,5.3,174.4,00:04:14,0.000000,0.000000,0.000000,0,MECCONTOFF,1.3,FALSE,FALSE,FALSE,0.0,0.0,0.0
264,1083,00:04:26,F,LAUNCH_PAD,-1.4,26.4,100.8,4.0,0.1,1.0,-0.9,2.1,0.7,-8.0,5.2,174.7,00:04:15,0.000000,0.000000,0.000000,0,MECCONTOFF,1.3,FALSE,FALSE,FALSE,0.0,0.0,0.0
265,1083,00:04:27,F,LAUNCH_PAD,-1.6,26.4,100.8,4.0,0.1,-4.2,-2.0,-0.4,0.6,-8.2,5.9,175.5,00:04:16,0.000000,0.000000,0.000000,0,MECCONTOFF,1.3,FALSE,FALSE,FALSE,0.0,0.0,0.0
266,1083,00:04:28,F,LAUNCH_PAD,-1.3,26.4,100.8,4.0,0.1,-2.6,0.0,-1.3,0.8,-7.9,5.8,175.1,00:04:17,0.000000,0.000000,0.000000,0,MECCONTOFF,1.3,FALSE,FALSE,FALSE,0.0,0.0,0.0
267,1083,00:04:29,F,LAUNCH_PAD,-1.4,26.4,100.8,4.0,0.1,-1.6,1.1,-0.0,0.8,-8.2,5.3,173.5,00:04:18,0.000000,0.000000,0.000000,0,MECCONTOFF,1.3,FALSE,FALSE,FALSE,0.0,0.0,0.0
268,1083,00:04:30,F,LAUNCH_PAD,-1.3,26.5,100.8,4.0,0.1,0.4,1.8,4.5,0.6,-8.2,5.9,173.4,00:04:19,0.000000,0.000000,0.000000,0,MECCONTOFF,1.3,FALSE,FALSE,FALSE,0.0,0.0,0.0
269,1083,00:04:31,F,LAUNCH_PAD,-1.5,26.4,100.8,4.0,0.1,0.9,-1.2,2.8,0.3,-8.2,5.4,176.8,00:04:20,0.000000,0.000000,0.000000,0,MECCONTOFF,1.3,FALSE,FALSE,FALSE,0.0,0.0,0.0
270,1083,00:04:32,F,LAUNCH_PAD,-1.9,26.5,100.8,4.0,0.1,7.1,-9.1,-5.1,0.6,-10.8,4.5,176.4,00:04:21,0.000000,0.000000,0.000000,0,MECCONTOFF,1.3,FALSE,FALSE,FALSE,0.0,0.0,0.0
271,1083,00:04:33,F,LAUNCH_PAD,-1.4,26.5,100.8,4.0,0.1,-5.5,1.1,25.3,1.6,-7.3,3.6,158.2,00:04:22,0.000000,0.000000,0.000000,0,MECCONTOFF,1.3,FALSE,FALSE,FALSE,0.0,0.0,0.0
272,1083,00:04:34,F,LAUNCH_PAD,-1.7,26.5,100.8,4.0,0.1,2.9,-4.9,-1.0,1.0,-8.1,5.5,167.1,00:04:23,0.000000,0.000000,0.000000,0,MECCONTOFF,1.3,FALSE,FALSE,FALSE,0.0,0.0,0.0
273,1083,00:04:35,F,LAUNCH_PAD,-0.3,26.5,100.7,4.0,0.1,-1.9,-2.8,-1.2,0.9,-8.2,6.1,166.1,00:04:24,0.000000,0.000000,0.000000,0,MECCONTOFF,1.3,FALSE,FALSE,FALSE,0.0,0.0,0.0
274,1083,00:04:36,F,LAUNCH_PAD,-1.5,26.5,100.8,4.0,0.1,3.6,1.1,3.6,1.9,-7.2,5.2,165.1,00:00:00,0.000000,0.000000,0.000000,0,MECCONTOFF,1.3,FALSE,FALSE,FALSE,0.0,0.0,0.0
275,1083,00:04:37,F,LAUNCH_PAD,-1.9,26.5,100.8,4.0,0.1,-0.2,9.6,7.8,1.0,-8.0,5.9,165.1,00:04:26,0.000000,0.000000,0.000000,0,MECCONTOFF,1.3,FALSE,FALSE,FALSE,0.0,0.0,0.0
276,1083,00:04:38,F,LAUNCH_PAD,-1.6,26.5,100.8,4.0,0.1,0.3,-2.8,-5.4,0.4,-9.4,6.0,162.6,00:04:27,0.000000,0.000000,0.000000,0,MECCONTOFF,1.3,FALSE,FALSE,FALSE,0.0,0.0,0.0
277,1083,00:04:39,F,LAUNCH_PAD,-1.6,26.5,100.8,4.0,0.1,-12.6,-3.1,-0.4,0.8,-10.0,0.2,128.4,00:04:28,0.000000,0.000000,0.000000,0,MECCONTOFF,1.3,FALSE,FALSE,FALSE,0.0,0.0,0.0
278,1083,00:04:40,F,LAUNCH_PAD,-1.8,26.5,100.8,4.0,0.1,-3.0,-4.8,-1.5,0.6,-9.9,0.4,126.8,00:04:29,0.000000,0.000000,0.000000,0,MECCONTOFF,1.3,FALSE,FALSE,FALSE,0.0,0.0,0.0
279,1083,00:04:41,F,LAUNCH_PAD,-1.2,26.5,100.8,4.0,0.1,4.2,-9.8,6.1,1.0,-9.6,-0.5,124.5,00:04:30,0.000000,0.000000,0.000000,0,MECCONTOFF,1.3,FALSE,FALSE,FALSE,0.0,0.0,0.0
280,1083,00:04:42,F,LAUNCH_PAD,-1.2,26.5,100.8,4.0,0.1,-12.1,6.2,-39.4,1.6,-10.4,-1.3,124.6,00:04:31,0.000000,0.000000,0.000000,0,MECCONTOFF,1.3,FALSE,FALSE,FALSE,0.0,0.0,0.0
281,1083,00:04:43,F,LAUNCH_PAD,-1.9,26.6,100.8,4.0,0.1,13.5,-19.6,-55.8,7.7,-7.6,0.7,131.4,00:04:32,0.000000,0.000000,0.000000,0,MECCONTOFF,1.3,FALSE,FALSE,FALSE,0.0,0.0,0.0
282,1083,00:04:44,F,LAUNCH_PAD,-1.3,26.6,100.8,4.0,0.1,7.6,1.2,-4.2,8.7,-2.9,1.6,189.2,00:04:33,0.000000,0.000000,0.000000,0,MECCONTOFF,1.3,FALSE,FALSE,FALSE,0.0,0.0,0.0
283,1083,00:04:45,F,LAUNCH_PAD,-1.4,26.6,100.8,4.0,0.1,-0.6,-0.9,0.8,9.3,-2.4,2.3,179.3,00:04:34,0.000000,0.000000,0.000000,0,MECCONTOFF,1.3,FALSE,FALSE,FALSE,0.0,0.0,0.0
284,1083,00:04:46,F,LAUNCH_PAD,-1.5,26.6,100.8,4.0,0.1,-4.9,-8.6,-7.7,9.1,-0.3,0.5,175.3,00:04:35,0.000000,0.000000,0.000000,0,MECCONTOFF,1.3,FALSE,FALSE,FALSE,0.0,0.0,0.0
285,1083,00:04:47,F,LAUNCH_PAD,-0.9,26.6,100.8,4.0,0.1,-0.2,0.2,6.2,9.6,-1.5,1.0,174.7,00:04:36,0.000000,0.000000,0.000000,0,MECCONTOFF,1.3,FALSE,FALSE,FALSE,0.0,0.0,0.0
286,1083,00:04:48,F,LAUNCH_PAD,-1.1,26.6,100.8,4.0,0.1,3.8,3.1,0.6,9.5,-1.8,1.4,173.9,00:04:37,0.000000,0.000000,0.000000,0,MECCONTOFF,1.3,FALSE,FALSE,FALSE,0.0,0.0,0.0
287,1083,00:04:49,F,LAUNCH_PAD,-1.0,26.6,100.8,4.0,0.1,11.6,8.9,-10.8,9.3,-3.1,1.3,171.2,00:04:38,0.000000,0.000000,0.000000,0,MECCONTOFF,1.3,FALSE,FALSE,FALSE,0.0,0.0,0.0
288,1083,00:04:50,F,LAUNCH_PAD,-0.8,26.6,100.7,4.0,0.1,97.4,-4.2,-9.9,8.6,-1.9,5.0,124.8,00:04:39,0.000000,0.000000,0.000000,0,MECCONTOFF,1.3,FALSE,FALSE,FALSE,0.0,0.0,0.0
289,1083,00:04:51,F,LAUNCH_PAD,-1.0,26.6,100.8,4.0,0.1,23.2,-1.1,10.8,8.3,0.0,4.3,110.7,00:04:40,0.000000,0.000000,0.000000,0,MECCONTOFF,1.3,FALSE,FALSE,FALSE,0.0,0.0,0.0
290,1083,00:04:52,F,LAUNCH_PAD,-1.4,26.6,100.8,4.0,0.1,6.5,-11.1,0.2,9.2,1.0,5.4,92.2,00:04:41,0.000000,0.000000,0.000000,0,MECCONTOFF,1.3,FALSE,FALSE,FALSE,0.0,0.0,0.0
291,1083,00:04:53,F,LAUNCH_PAD,-1.4,26.6,100.8,4.0,0.1,20.9,0.2,4.0,9.1,1.3,4.2,78.8,00:04:42,0.000000,0.000000,0.000000,0,MECCONTOFF,1.3,FALSE,FALSE,FALSE,0.0,0.0,0.0
292,1083,00:04:54,F,LAUNCH_PAD,-0.9,26.6,100.8,4.0,0.1,-3.7,2.9,4.6,9.2,1.3,2.8,73.8,00:04:43,0.000000,0.000000,0.000000,0,MECCONTOFF,1.3,FALSE,FALSE,FALSE,0.0,0.0,0.0
293,1083,00:04:55,F,LAUNCH_PAD,-0.8,26.6,100.8,4.0,0.1,-0.9,5.5,17.4,9.4,1.2,3.7,79.9,00:04:44,0.000000,0.000000,0.000000,0,MECCONTOFF,1.3,FALSE,FALSE,FALSE,0.0,0.0,0.0
294,1083,00:04:56,F,LAUNCH_PAD,-1.3,26.6,100.8,4.0,0.1,2.6,-8.4,-3.4,8.8,0.5,3.9,80.4,00:04:45,0.000000,0.000000,0.000000,0,MECCONTOFF,1.3,FALSE,FALSE,FALSE,0.0,0.0,0.0
295,1083,00:04:57,F,LAUNCH_PAD,-1.1,26.6,100.8,4.0,0.1,4.1,-2.8,-9.8,8.9,0.9,3.6,91.5,00:04:46,0.000000,0.000000,0.000000,0,MECCONTOFF,1.3,FALSE,FALSE,FALSE,0.0,0.0,0.0
296,1083,00:04:58,F,LAUNCH_PAD,-1.1,26.6,100.8,4.0,0.1,1.9,2.6,-2.2,9.1,0.9,3.9,88.8,00:04:47,0.000000,0.000000,0.000000,0,MECCONTOFF,1.3,FALSE,FALSE,FALSE,0.0,0.0,0.0
297,1083,00:04:59,F,LAUNCH_PAD,-1.2,26.6,100.8,4.0,0.1,4.1,-0.7,6.8,9.0,0.6,3.5,92.4,00:04:48,0.000000,0.000000,0.000000,0,MECCONTOFF,1.3,FALSE,FALSE,FALSE,0.0,0.0,0.0
298,1083,00:05:00,F,LAUNCH_PAD,-1.3,26.6,100.7,4.0,0.1,-2.4,-2.8,0.7,9.0,0.6,3.1,91.8,00:04:49,0.000000,0.000000,0.000000,0,MECCONTOFF,1.3,FALSE,FALSE,FALSE,0.0,0.0,0.0
299,1083,00:05:01,F,LAUNCH_PAD,-0.7,26.6,100.8,4.0,0.1,-2.9,1.0,-1.6,9.2,0.8,3.0,91.3,00:04:50,0.000000,0.000000,0.000000,0,MECCONTOFF,1.3,FALSE,FALSE,FALSE,0.0,0.0,0.0
300,1083,00:05:02,F,LAUNCH_PAD,-0.9,26.6,100.8,4.0,0.1,66.1,29.8,-12.8,10.2,2.8,-1.4,7.0,00:04:51,0.000000,0.000000,0.000000,0,MECCONTOFF,1.3,FALSE,FALSE,FALSE,0.0,0.0,0.0
301,1083,00:05:03,F,LAUNCH_PAD,-1.4,26.6,100.8,4.0,0.1,-4.5,-0.8,1.5,9.5,2.6,-0.9,4.1,00:04:52,0.000000,0.000000,0.000000,0,MECCONTOFF,1.3,FALSE,FALSE,FALSE,0.0,0.0,0.0
302,1083,00:05:04,F,LAUNCH_PAD,-1.2,26.6,100.8,4.0,0.1,8.1,-1.2,-6.8,9.2,3.3,-2.0,2.3,00:04:53,0.000000,0.000000,0.000000,0,MECCONTOFF,1.3,FALSE,FALSE,FALSE,0.0,0.0,0.0
303,1083,00:05:05,F,LAUNCH_PAD,-1.0,26.6,100.8,4.0,0.1,12.9,5.1,-10.0,8.9,3.2,-1.8,339.8,00:04:54,0.000000,0.000000,0.000000,0,MECCONTOFF,1.3,FALSE,FALSE,FALSE,0.0,0.0,0.0
304,1083,00:05:06,F,LAUNCH_PAD,-1.3,26.6,100.8,4.0,0.1,11.1,2.4,3.5,9.5,2.0,-2.7,336.5,00:04:55,0.000000,0.000000,0.000000,0,MECCONTOFF,1.3,FALSE,FALSE,FALSE,0.0,0.0,0.0
305,1083,00:05:07,F,LAUNCH_PAD,-1.1,26.6,100.8,4.0,0.1,0.8,2.9,-1.8,9.2,2.0,-2.8,333.1,00:04:56,0.000000,0.000000,0.000000,0,MECCONTOFF,1.3,FALSE,FALSE,FALSE,0.0,0.0,0.0
306,1083,00:05:08,F,LAUNCH_PAD,-0.8,26.7,100.8,4.0,0.1,2.5,1.8,4.1,9.4,2.6,-2.5,333.0,00:04:57,0.000000,0.000000,0.000000,0,MECCONTOFF,1.3,FALSE,FALSE,FALSE,0.0,0.0,0.0
307,1083,00:05:09,F,LAUNCH_PAD,-1.2,26.6,100.8,4.0,0.1,2.4,-1.4,2.2,9.1,2.6,-1.8,332.5,00:04:58,0.000000,0.000000,0.000000,0,MECCONTOFF,1.3,FALSE,FALSE,FALSE,0.0,0.0,0.0
308,1083,00:05:10,F,LAUNCH_PAD,-1.4,26.7,100.8,4.0,0.1,-32.1,-5.5,3.2,9.1,2.3,-3.3,336.2,00:04:59,0.000000,0.000000,0.000000,0,MECCONTOFF,1.3,FALSE,FALSE,FALSE,0.0,0.0,0.0
309,1083,00:05:11,F,LAUNCH_PAD,-1.1,26.7,100.8,4.0,0.1,-0.4,2.1,-1.6,9.4,2.0,-2.2,342.6,00:05:00,0.000000,0.000000,0.000000,0,MECCONTOFF,1.3,FALSE,FALSE,FALSE,0.0,0.0,0.0
310,1083,00:05:12,F,LAUNCH_PAD,-1.5,26.7,100.8,4.0,0.1,-15.8,1.8,-5.1,8.9,2.5,-1.7,330.9,00:05:01,0.000000,0.000000,0.000000,0,MECCONTOFF,1.3,FALSE,FALSE,FALSE,0.0,0.0,0.0
311,1083,00:05:13,F,LAUNCH_PAD,-1.1,26.7,100.8,4.0,0.1,15.4,-19.8,-1.6,9.0,1.7,-2.2,330.4,00:05:02,0.000000,0.000000,0.000000,0,MECCONTOFF,1.3,FALSE,FALSE,FALSE,0.0,0.0,0.0
312,1083,00:05:14,F,LAUNCH_PAD,-1.6,26.7,100.8,4.0,0.1,9.4,-8.6,-17.8,7.9,4.1,-3.4,352.2,00:05:03,0.000000,0.000000,0.000000,0,MECCONTOFF,1.3,FALSE,FALSE,FALSE,0.0,0.0,0.0
313,1083,00:05:15,F,LAUNCH_PAD,-1.6,26.7,100.8,4.0,0.1,-8.9,0.2,9.8,6.7,5.5,-4.4,65.0,00:05:04,0.000000,0.000000,0.000000,0,MECCONTOFF,1.3,FALSE,FALSE,FALSE,0.0,0.0,0.0
314,1083,00:05:16,F,LAUNCH_PAD,0.3,26.7,100.8,4.0,0.1,-32.7,1.1,-14.2,7.3,7.6,-0.7,123.4,00:05:05,0.000000,0.000000,0.000000,0,MECCONTOFF,1.3,FALSE,FALSE,FALSE,0.0,0.0,0.0
315,1083,00:05:17,F,LAUNCH_PAD,-1.6,26.7,100.8,4.0,0.1,-15.8,36.1,-66.6,1.1,8.1,6.7,64.9,00:05:06,0.000000,0.000000,0.000000,0,MECCONTOFF,1.3,FALSE,FALSE,FALSE,0.0,0.0,0.0
316,1083,00:05:18,F,LAUNCH_PAD,-0.8,26.7,100.7,4.0,0.1,19.1,-5.4,7.4,2.9,4.7,8.2,94.9,00:05:07,0.000000,0.000000,0.000000,0,MECCONTOFF,1.3,FALSE,FALSE,FALSE,0.0,0.0,0.0
317,1083,00:05:19,F,LAUNCH_PAD,-0.8,26.7,100.8,4.0,0.1,4.6,4.9,4.7,3.1,5.6,7.6,84.2,00:05:08,0.000000,0.000000,0.000000,0,MECCONTOFF,1.3,FALSE,FALSE,FALSE,0.0,0.0,0.0
318,1083,00:05:20,F,LAUNCH_PAD,-0.4,26.7,100.7,4.0,0.1,85.9,-6.1,27.1,5.0,6.1,3.2,54.1,00:05:09,0.000000,0.000000,0.000000,0,MECCONTOFF,1.3,FALSE,FALSE,FALSE,0.0,0.0,0.0
319,1083,00:05:21,F,LAUNCH_PAD,-0.7,26.7,100.7,4.0,0.1,13.9,-1.4,1.6,6.5,6.4,2.5,41.6,00:05:10,0.000000,0.000000,0.000000,0,MECCONTOFF,1.3,FALSE,FALSE,FALSE,0.0,0.0,0.0
320,1083,00:05:22,F,LAUNCH_PAD,-0.6,26.7,100.7,4.0,0.1,14.1,-12.0,-6.2,6.6,7.6,2.3,92.4,00:05:11,0.000000,0.000000,0.000000,0,MECCONTOFF,1.3,FALSE,FALSE,FALSE,0.0,0.0,0.0
321,1083,00:05:23,F,LAUNCH_PAD,-0.8,26.7,100.7,4.0,0.1,8.1,8.8,-8.5,6.6,5.2,5.7,64.6,00:05:12,0.000000,0.000000,0.000000,0,MECCONTOFF,1.3,FALSE,FALSE,FALSE,0.0,0.0,0.0
322,1083,00:05:24,F,LAUNCH_PAD,1.7,26.7,100.8,4.0,0.1,4.8,-7.8,-2.1,0.8,2.3,9.6,82.4,00:05:13,0.000000,0.000000,0.000000,0,MECCONTOFF,2.6,FALSE,FALSE,FALSE,0.0,0.0,0.0
323,1083,00:05:25,F,LAUNCH_PAD,-1.4,26.7,100.8,4.0,0.1,-12.0,-2.6,-35.4,2.9,4.1,8.4,90.9,00:05:14,0.000000,0.000000,0.000000,0,MECCONTOFF,2.6,FALSE,FALSE,FALSE,0.0,0.0,0.0
324,1083,00:05:26,F,LAUNCH_PAD,-1.3,26.7,100.8,4.0,0.1,7.8,8.7,3.2,1.8,3.0,8.4,110.6,00:05:15,0.000000,0.000000,0.000000,0,MECCONTOFF,2.6,FALSE,FALSE,FALSE,0.0,0.0,0.0
325,1083,00:05:27,F,LAUNCH_PAD,-1.1,26.6,100.8,4.0,0.1,8.2,6.0,17.9,0.2,4.7,8.9,99.5,00:05:16,0.000000,0.000000,0.000000,0,MECCONTOFF,2.6,FALSE,FALSE,FALSE,0.0,0.0,0.0
326,1083,00:05:28,F,LAUNCH_PAD,-0.1,26.6,100.7,4.0,0.1,1.9,10.9,17.8,-0.0,3.6,8.2,94.2,00:05:17,0.000000,0.000000,0.000000,0,MECCONTOFF,2.6,FALSE,FALSE,FALSE,0.0,0.0,0.0
327,1083,00:05:29,F,LAUNCH_PAD,-0.9,26.6,100.8,4.0,0.1,-4.6,-6.1,1.4,-2.2,5.0,7.4,79.3,00:05:18,0.000000,0.000000,0.000000,0,MECCONTOFF,2.6,FALSE,FALSE,FALSE,0.0,0.0,0.0
328,1083,00:05:30,F,LAUNCH_PAD,-0.9,26.6,100.8,4.0,0.1,-22.2,-27.8,-52.8,4.4,3.2,9.3,117.4,00:05:19,0.000000,0.000000,0.000000,0,MECCONTOFF,2.6,FALSE,FALSE,FALSE,0.0,0.0,0.0
329,1083,00:05:31,F,LAUNCH_PAD,-0.9,26.6,100.8,4.0,0.1,-29.5,-16.5,-53.4,3.9,2.4,8.2,200.4,00:05:20,0.000000,0.000000,0.000000,0,MECCONTOFF,2.6,FALSE,FALSE,FALSE,0.0,0.0,0.0
330,1083,00:05:32,F,LAUNCH_PAD,-1.1,26.6,100.8,4.0,0.1,7.2,13.5,3.4,2.7,1.9,9.7,215.8,00:05:21,0.000000,0.000000,0.000000,0,MECCONTOFF,2.6,FALSE,FALSE,FALSE,0.0,0.0,0.0
331,1083,00:05:33,F,LAUNCH_PAD,-0.1,26.6,100.7,4.0,0.1,-0.1,-1.1,3.5,3.7,2.3,8.5,212.2,00:05:22,0.000000,0.000000,0.000000,0,MECCONTOFF,2.6,FALSE,FALSE,FALSE,0.0,0.0,0.0
332,1083,00:05:34,F,LAUNCH_PAD,-0.7,26.6,100.7,4.0,0.1,-8.9,-1.6,2.6,3.7,3.3,8.9,209.1,00:05:23,0.000000,0.000000,0.000000,0,MECCONTOFF,2.6,FALSE,FALSE,FALSE,0.0,0.0,0.0
333,1083,00:05:35,F,LAUNCH_PAD,0.0,26.6,100.7,4.0,0.1,-14.2,-14.0,10.4,4.1,0.1,8.5,210.5,00:05:24,0.000000,0.000000,0.000000,0,MECCONTOFF,2.6,FALSE,FALSE,FALSE,0.0,0.0,0.0
334,1083,00:05:36,F,LAUNCH_PAD,0.1,26.6,100.7,4.0,0.1,0.9,-4.0,3.6,4.2,0.1,8.2,217.8,00:05:25,0.000000,0.000000,0.000000,0,MECCONTOFF,2.6,FALSE,FALSE,FALSE,0.0,0.0,0.0
335,1083,00:05:37,F,LAUNCH_PAD,-0.9,26.6,100.8,4.0,0.1,0.6,-0.6,2.0,4.6,1.1,8.8,214.1,00:05:26,0.000000,0.000000,0.000000,0,MECCONTOFF,2.6,FALSE,FALSE,FALSE,0.0,0.0,0.0
336,1083,00:05:38,F,LAUNCH_PAD,-0.5,26.6,100.7,4.0,0.1,1.9,0.6,0.5,4.7,0.9,8.5,211.9,00:05:27,0.000000,0.000000,0.000000,0,MECCONTOFF,2.6,FALSE,FALSE,FALSE,0.0,0.0,0.0
337,1083,00:05:39,F,LAUNCH_PAD,-0.5,26.6,100.7,4.0,0.1,-0.4,-0.6,0.5,4.7,1.3,8.0,209.0,00:05:28,0.000000,0.000000,0.000000,0,MECCONTOFF,2.6,FALSE,FALSE,FALSE,0.0,0.0,0.0
338,1083,00:05:40,F,LAUNCH_PAD,-0.3,26.6,100.7,4.0,0.1,0.6,5.4,5.7,3.8,1.9,10.2,203.1,00:05:29,0.000000,0.000000,0.000000,0,MECCONTOFF,2.6,FALSE,FALSE,FALSE,0.0,0.0,0.0
339,1083,00:05:41,F,LAUNCH_PAD,-0.7,26.6,100.7,4.0,0.1,6.8,4.1,5.0,4.1,2.2,8.0,198.3,00:05:30,0.000000,0.000000,0.000000,0,MECCONTOFF,2.6,FALSE,FALSE,FALSE,0.0,0.0,0.0
340,1083,00:05:42,F,LAUNCH_PAD,-0.4,26.6,100.7,4.0,0.1,-4.1,3.6,1.0,4.3,2.3,9.8,193.1,00:05:31,0.000000,0.000000,0.000000,0,MECCONTOFF,2.6,FALSE,FALSE,FALSE,0.0,0.0,0.0
341,1083,00:05:43,F,LAUNCH_PAD,-0.8,26.6,100.8,4.0,0.1,35.9,-41.7,24.0,4.8,-6.7,5.7,223.9,00:05:32,0.000000,0.000000,0.000000,0,MECCONTOFF,2.6,FALSE,FALSE,FALSE,0.0,0.0,0.0
342,1083,00:05:44,F,LAUNCH_PAD,-1.2,26.6,100.8,4.0,0.1,3.1,-13.0,-10.7,3.8,-8.4,-3.9,129.8,00:05:33,0.000000,0.000000,0.000000,0,MECCONTOFF,2.6,FALSE,FALSE,FALSE,0.0,0.0,0.0
343,1083,00:05:45,F,LAUNCH_PAD,-0.5,26.6,100.7,4.0,0.1,24.4,-5.8,4.7,3.5,-8.5,-3.5,123.5,00:05:34,0.000000,0.000000,0.000000,0,MECCONTOFF,2.6,FALSE,FALSE,FALSE,0.0,0.0,0.0
344,1083,00:05:46,F,LAUNCH_PAD,-0.5,26.6,100.7,4.0,0.1,2.0,1.6,-1.4,3.8,-8.8,-2.4,132.5,00:05:35,0.000000,0.000000,0.000000,0,MECCONTOFF,2.6,FALSE,FALSE,FALSE,0.0,0.0,0.0
345,1083,00:05:47,F,LAUNCH_PAD,-1.1,26.7,100.8,4.0,0.1,-2.5,0.0,0.5,3.8,-8.7,-2.4,133.6,00:05:36,0.000000,0.000000,0.000000,0,MECCONTOFF,2.6,FALSE,FALSE,FALSE,0.0,0.0,0.0
346,1083,00:05:48,F,LAUNCH_PAD,-0.8,26.7,100.7,4.0,0.1,6.2,-6.1,0.2,3.5,-9.6,-0.7,140.2,00:05:37,0.000000,0.000000,0.000000,0,MECCONTOFF,2.6,FALSE,FALSE,FALSE,0.0,0.0,0.0
347,1083,00:05:49,F,LAUNCH_PAD,-1.0,26.7,100.8,4.0,0.1,2.2,1.8,2.8,3.3,-8.5,-1.9,134.5,00:05:38,0.000000,0.000000,0.000000,0,MECCONTOFF,2.6,FALSE,FALSE,FALSE,0.0,0.0,0.0
348,1083,00:05:50,F,LAUNCH_PAD,-0.6,26.7,100.7,4.0,0.1,94.2,-21.3,10.6,3.5,-8.3,-2.1,133.2,00:05:39,0.000000,0.000000,0.000000,0,MECCONTOFF,2.6,FALSE,FALSE,FALSE,0.0,0.0,0.0
349,1083,00:05:51,F,LAUNCH_PAD,-0.3,26.7,100.7,4.0,0.1,70.1,-5.1,4.2,4.4,-8.6,-1.5,131.6,00:05:40,0.000000,0.000000,0.000000,0,MECCONTOFF,2.6,FALSE,FALSE,FALSE,0.0,0.0,0.0
350,1083,00:05:52,F,LAUNCH_PAD,-0.4,26.7,100.7,4.0,0.1,47.7,-9.2,-14.3,5.6,-7.8,-3.2,129.9,00:05:41,0.000000,0.000000,0.000000,0,MECCONTOFF,2.6,FALSE,FALSE,FALSE,0.0,0.0,0.0
351,1083,00:05:53,F,LAUNCH_PAD,-0.7,26.8,100.7,4.0,0.1,54.9,-13.8,-10.8,3.8,1.5,8.3,111.3,00:05:42,0.000000,0.000000,0.000000,0,MECCONTOFF,2.6,FALSE,FALSE,FALSE,0.0,0.0,0.0
352,1083,00:05:54,F,LAUNCH_PAD,-0.6,26.7,100.7,4.0,0.1,1.0,-3.8,-1.9,4.1,4.4,7.4,102.2,00:05:43,0.000000,0.000000,0.000000,0,MECCONTOFF,2.6,FALSE,FALSE,FALSE,0.0,0.0,0.0
353,1083,00:05:55,F,LAUNCH_PAD,-0.2,26.8,100.7,4.0,0.1,-5.8,2.8,0.2,3.7,4.2,8.4,105.0,00:05:44,0.000000,0.000000,0.000000,0,MECCONTOFF,2.6,FALSE,FALSE,FALSE,0.0,0.0,0.0
354,1083,00:05:56,F,LAUNCH_PAD,-1.3,26.8,100.8,4.0,0.1,-2.1,-4.0,3.0,4.4,3.5,8.0,111.1,00:05:45,0.000000,0.000000,0.000000,0,MECCONTOFF,2.6,FALSE,FALSE,FALSE,0.0,0.0,0.0
355,1083,00:05:57,F,LAUNCH_PAD,-0.8,26.7,100.7,4.0,0.1,-85.9,-10.8,-6.4,7.0,-4.2,6.2,183.7,00:05:46,0.000000,0.000000,0.000000,0,MECCONTOFF,2.6,FALSE,FALSE,FALSE,0.0,0.0,0.0
356,1083,00:05:58,F,LAUNCH_PAD,-0.6,26.8,100.7,4.0,0.1,0.9,-1.4,0.6,6.0,-7.7,1.3,152.2,00:05:47,0.000000,0.000000,0.000000,0,MECCONTOFF,2.6,FALSE,FALSE,FALSE,0.0,0.0,0.0
357,1083,00:05:59,F,LAUNCH_PAD,-0.7,26.8,100.7,4.0,0.1,34.2,-1.7,-6.9,6.5,-6.5,4.8,197.8,00:05:48,0.000000,0.000000,0.000000,0,MECCONTOFF,2.6,FALSE,FALSE,FALSE,0.0,0.0,0.0
358,1083,00:06:00,F,LAUNCH_PAD,-0.5,26.8,100.7,4.0,0.1,-47.4,7.8,6.0,5.3,-6.1,3.0,203.2,00:05:49,0.000000,0.000000,0.000000,0,MECCONTOFF,2.6,FALSE,FALSE,FALSE,0.0,0.0,0.0
359,1083,00:06:01,F,LAUNCH_PAD,-1.1,26.8,100.8,4.0,0.1,-17.6,4.8,2.1,5.5,-7.5,1.1,145.2,00:05:50,0.000000,0.000000,0.000000,0,MECCONTOFF,2.6,FALSE,FALSE,FALSE,0.0,0.0,0.0
360,1083,00:06:02,F,LAUNCH_PAD,-0.5,26.8,100.7,4.0,0.1,-81.1,-3.6,18.3,5.3,-5.4,0.1,120.0,00:05:51,0.000000,0.000000,0.000000,0,MECCONTOFF,2.6,FALSE,FALSE,FALSE,0.0,0.0,0.0
361,1083,00:06:03,F,LAUNCH_PAD,-0.4,26.8,100.7,4.0,0.1,105.6,18.2,24.9,5.6,-2.4,-7.6,159.4,00:05:52,0.000000,0.000000,0.000000,0,MECCONTOFF,2.6,FALSE,FALSE,FALSE,0.0,0.0,0.0
362,1083,00:06:04,F,LAUNCH_PAD,-0.5,26.8,100.7,4.0,0.1,-3.8,-0.4,-5.8,4.5,-8.1,-3.3,117.4,00:05:53,0.000000,0.000000,0.000000,0,MECCONTOFF,2.6,FALSE,FALSE,FALSE,0.0,0.0,0.0
363,1083,00:06:05,F,LAUNCH_PAD,-0.9,26.8,100.7,4.0,0.1,-47.4,35.2,-38.2,3.5,-9.4,-4.8,126.1,00:05:54,0.000000,0.000000,0.000000,0,MECCONTOFF,2.6,FALSE,FALSE,FALSE,0.0,0.0,0.0
364,1083,00:06:06,F,LAUNCH_PAD,-0.3,26.9,100.7,4.0,0.1,2.4,2.6,-6.6,3.5,-8.1,-2.8,128.7,00:05:55,0.000000,0.000000,0.000000,0,MECCONTOFF,2.6,FALSE,FALSE,FALSE,0.0,0.0,0.0
365,1083,00:06:07,F,LAUNCH_PAD,0.0,26.8,100.7,4.0,0.1,1.7,-2.2,-0.5,4.0,-8.3,-3.2,133.2,00:05:56,0.000000,0.000000,0.000000,0,MECCONTOFF,2.6,FALSE,FALSE,FALSE,0.0,0.0,0.0
366,1083,00:06:08,F,LAUNCH_PAD,-0.5,26.9,100.7,4.0,0.1,4.6,2.1,1.0,3.7,-9.1,-3.3,137.0,00:05:58,0.000000,0.000000,0.000000,0,MECCONTOFF,2.6,FALSE,FALSE,FALSE,0.0,0.0,0.0
367,1083,00:06:09,F,LAUNCH_PAD,-0.8,26.9,100.7,4.0,0.1,-6.4,33.2,8.5,3.2,-8.4,-3.0,155.1,00:05:59,0.000000,0.000000,0.000000,0,MECCONTOFF,2.6,FALSE,FALSE,FALSE,0.0,0.0,0.0
368,1083,00:06:10,F,LAUNCH_PAD,0.6,26.9,100.7,4.0,0.1,14.7,-16.8,5.8,3.5,-8.6,-2.6,187.2,00:06:00,0.000000,0.000000,0.000000,0,MECCONTOFF,2.6,FALSE,FALSE,FALSE,0.0,0.0,0.0
369,1083,00:06:11,F,LAUNCH_PAD,-0.3,26.9,100.7,4.0,0.1,-32.5,12.9,-18.9,3.3,-8.2,-2.4,175.5,00:06:01,0.000000,0.000000,0.000000,0,MECCONTOFF,2.6,FALSE,FALSE,FALSE,0.0,0.0,0.0
370,1083,00:06:12,F,LAUNCH_PAD,-0.9,26.9,100.7,4.0,0.1,-46.9,2.1,-15.6,2.3,0.8,-9.0,163.5,00:06:02,0.000000,0.000000,0.000000,0,MECCONTOFF,2.6,FALSE,FALSE,FALSE,0.0,0.0,0.0
371,1083,00:06:13,F,LAUNCH_PAD,-0.5,26.9,100.7,4.0,0.1,20.4,-20.8,-55.1,0.1,5.6,-7.0,115.4,00:06:03,0.000000,0.000000,0.000000,0,MECCONTOFF,2.6,FALSE,FALSE,FALSE,0.0,0.0,0.0
372,1083,00:06:14,F,LAUNCH_PAD,-0.6,26.9,100.7,4.0,0.1,2.4,6.9,-1.1,4.4,7.8,-4.6,188.7,00:06:04,0.000000,0.000000,0.000000,0,MECCONTOFF,2.6,FALSE,FALSE,FALSE,0.0,0.0,0.0
373,1083,00:06:15,F,LAUNCH_PAD,-0.3,26.9,100.7,4.0,0.1,-10.8,1.8,13.9,5.0,6.6,-4.2,186.6,00:06:05,0.000000,0.000000,0.000000,0,MECCONTOFF,2.6,FALSE,FALSE,FALSE,0.0,0.0,0.0
374,1083,00:06:16,F,LAUNCH_PAD,-0.6,26.9,100.7,4.0,0.1,3.2,0.8,1.5,4.8,7.2,-4.4,185.9,00:06:06,0.000000,0.000000,0.000000,0,MECCONTOFF,2.6,FALSE,FALSE,FALSE,0.0,0.0,0.0
375,1083,00:06:17,F,LAUNCH_PAD,-0.3,26.9,100.7,4.0,0.1,0.3,0.8,-0.1,4.8,6.9,-4.9,187.1,00:06:07,0.000000,0.000000,0.000000,0,MECCONTOFF,2.6,FALSE,FALSE,FALSE,0.0,0.0,0.0
376,1083,00:06:18,F,LAUNCH_PAD,-0.2,26.9,100.7,4.0,0.1,6.3,-7.4,-4.8,4.3,7.1,-5.2,187.9,00:06:08,0.000000,0.000000,0.000000,0,MECCONTOFF,2.6,FALSE,FALSE,FALSE,0.0,0.0,0.0
377,1083,00:06:19,F,LAUNCH_PAD,-0.7,26.9,100.7,4.0,0.1,0.3,0.6,1.2,4.0,6.5,-6.0,106.0,00:06:09,0.000000,0.000000,0.000000,0,MECCONTOFF,2.6,FALSE,FALSE,FALSE,0.0,0.0,0.0
378,1083,00:06:20,F,LAUNCH_PAD,-0.8,26.9,100.7,4.0,0.1,-1.8,-5.0,9.5,4.2,6.2,-5.9,110.2,00:00:00,0.000000,0.000000,0.000000,0,MECCONTOFF,2.6,FALSE,FALSE,FALSE,0.0,0.0,0.0
379,1083,00:06:21,F,LAUNCH_PAD,-0.8,26.9,100.8,4.0,0.1,-42.1,-1.2,-22.2,4.0,6.3,-6.7,117.1,00:06:11,0.000000,0.000000,0.000000,0,MECCONTOFF,2.6,FALSE,FALSE,FALSE,0.0,0.0,0.0
380,1083,00:06:22,F,LAUNCH_PAD,-0.9,26.9,100.7,4.0,0.1,-47.3,-17.6,-6.8,2.5,-1.9,9.9,153.8,00:06:12,0.000000,0.000000,0.000000,0,MECCONTOFF,2.6,FALSE,FALSE,FALSE,0.0,0.0,0.0
381,1083,00:06:23,F,LAUNCH_PAD,-0.3,26.9,100.7,4.0,0.1,3.2,5.6,-3.1,4.2,0.5,8.2,156.8,00:06:13,0.000000,0.000000,0.000000,0,MECCONTOFF,2.6,FALSE,FALSE,FALSE,0.0,0.0,0.0
382,1083,00:06:24,F,LAUNCH_PAD,-0.6,26.9,100.7,4.0,0.1,9.5,14.5,-3.9,3.7,0.3,9.4,152.9,00:06:14,0.000000,0.000000,0.000000,0,MECCONTOFF,2.6,FALSE,FALSE,FALSE,0.0,0.0,0.0
383,1083,00:06:25,F,LAUNCH_PAD,-0.9,26.8,100.8,4.0,0.1,-0.0,2.0,3.0,4.6,0.7,8.8,152.8,00:06:15,0.000000,0.000000,0.000000,0,MECCONTOFF,2.6,FALSE,FALSE,FALSE,0.0,0.0,0.0
384,1083,00:06:26,F,LAUNCH_PAD,-0.5,26.8,100.7,4.0,0.1,0.9,-0.4,0.5,4.5,0.7,8.7,149.1,00:06:16,0.000000,0.000000,0.000000,0,MECCONTOFF,2.6,FALSE,FALSE,FALSE,0.0,0.0,0.0
385,1083,00:06:27,F,LAUNCH_PAD,-0.6,26.8,100.7,4.0,0.1,-1.0,0.9,1.4,4.5,0.6,8.2,148.5,00:06:17,0.000000,0.000000,0.000000,0,MECCONTOFF,2.6,FALSE,FALSE,FALSE,0.0,0.0,0.0
386,1083,00:06:28,F,LAUNCH_PAD,-0.7,26.8,100.7,4.0,0.1,0.9,0.2,1.2,4.6,0.7,8.6,147.5,00:06:18,0.000000,0.000000,0.000000,0,MECCONTOFF,2.6,FALSE,FALSE,FALSE,0.0,0.0,0.0
387,1083,00:06:29,F,LAUNCH_PAD,-0.5,26.8,100.7,4.0,0.1,0.5,-0.9,1.1,4.6,0.7,8.6,146.5,00:06:19,0.000000,0.000000,0.000000,0,MECCONTOFF,2.6,FALSE,FALSE,FALSE,0.0,0.0,0.0
388,1083,00:06:30,F,LAUNCH_PAD,1.0,26.8,100.7,4.0,0.1,2.1,1.4,0.2,4.6,0.8,8.7,145.1,00:06:20,0.000000,0.000000,0.000000,0,MECCONTOFF,2.6,FALSE,FALSE,FALSE,0.0,0.0,0.0
389,1083,00:06:31,F,LAUNCH_PAD,-1.1,26.8,100.8,4.0,0.1,27.8,19.9,42.4,4.1,1.8,8.7,125.1,00:06:21,0.000000,0.000000,0.000000,0,MECCONTOFF,2.6,FALSE,FALSE,FALSE,0.0,0.0,0.0
390,1083,00:06:32,F,LAUNCH_PAD,-0.5,26.8,100.7,4.0,0.1,9.0,6.9,13.2,3.9,3.2,8.3,81.1,00:06:22,0.000000,0.000000,0.000000,0,MECCONTOFF,2.6,FALSE,FALSE,FALSE,0.0,0.0,0.0
391,1083,00:06:33,F,LAUNCH_PAD,-0.1,26.8,100.7,4.0,0.1,-24.9,-6.1,-20.0,4.0,3.1,9.3,93.7,00:06:23,0.000000,0.000000,0.000000,0,MECCONTOFF,2.6,FALSE,FALSE,FALSE,0.0,0.0,0.0
392,1083,00:06:34,F,LAUNCH_PAD,-1.3,26.8,100.8,4.0,0.1,21.6,1.9,7.8,4.2,2.7,8.5,100.9,00:06:24,0.000000,0.000000,0.000000,0,MECCONTOFF,2.6,FALSE,FALSE,FALSE,0.0,0.0,0.0
393,1083,00:06:35,F,LAUNCH_PAD,-0.5,26.8,100.7,4.0,0.1,15.3,-2.1,8.2,3.9,2.8,8.7,99.7,00:06:25,0.000000,0.000000,0.000000,0,MECCONTOFF,2.6,FALSE,FALSE,FALSE,0.0,0.0,0.0
394,1083,00:06:36,F,LAUNCH_PAD,0.2,26.8,100.7,4.0,0.1,28.8,40.6,105.7,-1.6,5.8,5.8,14.6,00:06:26,0.000000,0.000000,0.000000,0,MECCONTOFF,2.6,FALSE,FALSE,FALSE,0.0,0.0,0.0
395,1083,00:06:37,F,LAUNCH_PAD,-0.8,26.8,100.7,4.0,0.1,58.8,88.5,-9.8,-3.1,9.5,-3.2,5.8,00:06:27,0.000000,0.000000,0.000000,0,MECCONTOFF,2.6,FALSE,FALSE,FALSE,0.0,0.0,0.0
396,1083,00:06:38,F,LAUNCH_PAD,-1.1,26.8,100.7,4.0,0.1,10.9,10.8,-27.8,-4.4,4.0,-3.5,359.0,00:06:28,0.000000,0.000000,0.000000,0,MECCONTOFF,2.6,FALSE,FALSE,FALSE,0.0,0.0,0.0
397,1083,00:06:39,F,LAUNCH_PAD,-0.4,26.8,100.7,4.0,0.1,30.1,-0.3,14.1,-5.5,4.6,-5.8,254.8,00:06:29,0.000000,0.000000,0.000000,0,MECCONTOFF,2.6,FALSE,FALSE,FALSE,0.0,0.0,0.0
398,1083,00:06:40,F,LAUNCH_PAD,-0.4,26.8,100.7,4.0,0.1,49.6,-8.2,1.6,-5.8,-0.8,-6.3,297.6,00:06:30,0.000000,0.000000,0.000000,0,MECCONTOFF,2.6,FALSE,FALSE,FALSE,0.0,0.0,0.0
399,1083,00:06:41,F,LAUNCH_PAD,-0.8,26.8,100.7,4.0,0.1,1.8,7.2,6.2,-6.5,5.2,-3.9,246.6,00:06:31,0.000000,0.000000,0.000000,0,MECCONTOFF,2.6,FALSE,FALSE,FALSE,0.0,0.0,0.0
400,1083,00:06:42,F,LAUNCH_PAD,-0.1,26.8,100.7,4.0,0.1,-98.8,29.3,-37.7,-4.0,3.9,-7.1,276.2,00:06:32,0.000000,0.000000,0.000000,0,MECCONTOFF,2.6,FALSE,FALSE,FALSE,0.0,0.0,0.0
401,1083,00:06:43,F,LAUNCH_PAD,-0.1,26.8,100.7,4.0,0.1,58.2,-37.8,44.2,-4.9,2.4,-6.3,314.9,00:06:33,0.000000,0.000000,0.000000,0,MECCONTOFF,2.6,FALSE,FALSE,FALSE,0.0,0.0,0.0
402,1083,00:06:44,F,LAUNCH_PAD,-0.9,26.8,100.8,4.0,0.1,-28.9,0.6,0.2,-6.0,3.3,-5.9,338.2,00:06:34,0.000000,0.000000,0.000000,0,MECCONTOFF,2.6,FALSE,FALSE,FALSE,0.0,0.0,0.0
403,1083,00:06:45,F,LAUNCH_PAD,0.2,26.8,100.7,4.0,0.1,-2.5,96.4,3.4,-5.2,7.1,-5.2,292.8,00:06:35,0.000000,0.000000,0.000000,0,MECCONTOFF,2.6,FALSE,FALSE,FALSE,0.0,0.0,0.0
404,1083,00:06:46,F,LAUNCH_PAD,-0.4,26.8,100.7,4.0,0.1,97.0,24.2,-14.8,-5.5,2.8,-8.6,266.2,00:06:36,0.000000,0.000000,0.000000,0,MECCONTOFF,2.6,FALSE,FALSE,FALSE,0.0,0.0,0.0
405,1083,00:06:47,F,LAUNCH_PAD,-1.0,26.8,100.8,4.0,0.1,-34.6,-2.9,2.7,-6.0,2.5,-6.9,255.6,00:06:37,0.000000,0.000000,0.000000,0,MECCONTOFF,2.6,FALSE,FALSE,FALSE,0.0,0.0,0.0
406,1083,00:06:48,F,LAUNCH_PAD,-0.3,26.8,100.7,4.0,0.1,-16.2,17.1,4.9,-6.2,4.5,-5.8,230.8,00:06:38,0.000000,0.000000,0.000000,0,MECCONTOFF,2.6,FALSE,FALSE,FALSE,0.0,0.0,0.0
407,1083,00:06:49,F,LAUNCH_PAD,-1.2,26.8,100.8,4.0,0.1,-1.4,-7.1,0.4,-5.8,4.6,-5.8,229.2,00:06:39,0.000000,0.000000,0.000000,0,MECCONTOFF,2.6,FALSE,FALSE,FALSE,0.0,0.0,0.0
