PACKET_COUNT,TEAM_ID,MISSION_TIME,MODE,STATE,ALTITUDE,TEMPERATURE,PRESSURE,VOLTAGE,CURRENT,GYRO_R,GYRO_P,GYRO_Y,ACCEL_R,ACCEL_P,ACCEL_Y,HEADING,GPS_TIME,GPS_ALTITUDE,GPS_LATITUDE,GPS_LONGITUDE,GPS_SATS,CMD_ECHO,MAX_ALTITUDE,CONTAINER_RELEASED,PAYLOAD_RELEASED,PARAGLIDER_ACTIVE,TARGET_LATITUDE,TARGET_LONGITUDE,CAM_DIRECTION
1,00:20:18,345,F,LAUNCH_PAD,1.3,29.6,101.4,3.9,0.1,-0.7,1.1,-0.7,-1.8,9.6,1.0,3.0,16:45:24,18.000000,33.385246,-117.495506,5,MECPAYLOADON,3.5,FALSE,TRUE,FALSE,33.4,-117.5,-117.5
2,00:20:19,346,F,LAUNCH_PAD,1.3,29.5,101.4,3.9,0.1,-0.2,-1.1,-2.3,-1.9,9.5,1.2,2.7,16:45:25,19.600000,33.385269,-117.495499,5,MECPAYLOADON,3.5,FALSE,TRUE,FALSE,33.4,-117.5,-117.5
3,00:20:20,347,F,LAUNCH_PAD,1.1,29.5,101.4,3.9,0.1,-0.6,-1.3,0.8,-1.8,9.4,1.2,0.7,16:45:26,20.200001,33.385277,-117.495499,5,MECPAYLOADON,3.5,FALSE,TRUE,FALSE,33.4,-117.5,-117.5
4,00:20:21,348,F,LAUNCH_PAD,0.9,29.4,101.4,3.9,0.1,-1.8,4.6,0.2,-2.2,9.4,1.1,359.4,16:45:27,20.200001,33.385277,-117.495499,4,MECPAYLOADON,3.5,FALSE,TRUE,FALSE,33.4,-117.5,-117.5
5,00:20:22,349,F,LAUNCH_PAD,1.2,29.4,101.4,3.9,0.1,0.1,-0.6,1.8,-2.2,9.4,1.3,358.2,16:45:28,20.799999,33.385284,-117.495499,5,MECPAYLOADON,3.5,FALSE,TRUE,FALSE,33.4,-117.5,-117.5
6,00:20:23,350,F,LAUNCH_PAD,1.0,29.4,101.4,3.9,0.1,-2.1,0.2,-1.1,-2.2,9.5,1.4,357.8,16:45:29,21.299999,33.385292,-117.495499,5,MECPAYLOADON,3.5,FALSE,TRUE,FALSE,33.4,-117.5,-117.5
7,00:20:24,351,F,LAUNCH_PAD,1.3,29.2,101.4,3.9,0.1,-0.9,0.8,-0.1,-2.2,9.4,1.6,358.5,16:45:30,21.799999,33.385303,-117.495499,5,MECPAYLOADON,3.5,FALSE,TRUE,FALSE,33.4,-117.5,-117.5
8,00:20:25,352,F,LAUNCH_PAD,1.5,29.0,101.4,3.9,0.1,0.9,-0.4,1.1,-2.1,9.5,1.6,358.9,16:45:31,23.100000,33.385311,-117.495499,5,MECPAYLOADON,3.5,FALSE,TRUE,FALSE,33.4,-117.5,-117.5
9,00:20:26,353,F,LAUNCH_PAD,1.4,28.7,101.4,3.9,0.1,0.6,7.6,3.0,-2.1,9.3,1.4,358.4,16:45:32,23.600000,33.385315,-117.495499,5,MECPAYLOADON,3.5,FALSE,TRUE,FALSE,33.4,-117.5,-117.5
10,00:20:27,354,F,LAUNCH_PAD,1.5,28.6,101.4,3.9,0.1,-1.1,-1.2,-1.6,-1.9,9.5,1.5,356.8,16:45:33,23.900000,33.385326,-117.495499,4,MECPAYLOADON,3.5,FALSE,TRUE,FALSE,33.4,-117.5,-117.5
11,00:20:28,355,F,LAUNCH_PAD,1.8,28.5,101.4,3.9,0.1,0.8,1.1,0.6,-1.9,9.4,1.4,356.8,16:45:34,25.299999,33.385323,-117.495506,5,MECPAYLOADON,3.5,FALSE,TRUE,FALSE,33.4,-117.5,-117.5
12,00:20:29,356,F,LAUNCH_PAD,1.9,28.4,101.4,3.9,0.1,0.6,0.2,0.2,-1.9,9.4,1.4,358.4,16:45:35,26.600000,33.385323,-117.495499,5,MECPAYLOADON,3.5,FALSE,TRUE,FALSE,33.4,-117.5,-117.5
13,00:20:30,357,F,LAUNCH_PAD,1.2,28.3,101.4,3.9,0.1,-49.9,15.8,-16.4,-2.6,4.2,6.8,35.8,16:45:36,2.000000,33.385319,-117.495491,5,MECPAYLOADON,3.5,FALSE,TRUE,FALSE,33.4,-117.5,-117.5
14,00:00:01,1,F,LAUNCH_PAD,0.3,28.9,101.4,3.9,0.1,-10.1,0.9,-14.1,-3.5,7.9,-5.3,91.8,16:45:51,0.000000,0.000000,0.000000,0,N/A,0.5,FALSE,FALSE,FALSE,33.4,-117.5,-117.5
15,00:00:02,2,F,LAUNCH_PAD,0.5,28.9,101.4,3.9,0.3,-9.6,3.8,1.0,-1.4,10.0,-0.6,67.3,16:45:52,0.000000,0.000000,0.000000,0,N/A,0.5,FALSE,FALSE,FALSE,33.4,-117.5,-117.5
16,00:00:03,3,F,LAUNCH_PAD,0.3,29.0,101.4,3.9,0.1,23.4,2.2,1.9,-0.8,9.4,0.4,62.7,16:45:53,0.000000,0.000000,0.000000,0,N/A,0.5,FALSE,FALSE,FALSE,33.4,-117.5,-117.5
17,00:00:04,4,F,LAUNCH_PAD,0.5,29.0,101.4,3.9,0.1,33.1,0.4,-2.0,-1.0,9.4,-1.7,71.0,16:45:54,0.000000,0.000000,0.000000,0,N/A,0.5,FALSE,FALSE,FALSE,33.4,-117.5,-117.5
18,00:00:05,5,F,LAUNCH_PAD,0.2,29.0,101.4,3.9,0.2,11.1,1.4,-1.6,-1.2,9.3,-0.6,65.4,16:45:55,0.000000,0.000000,0.000000,0,N/A,0.7,FALSE,FALSE,FALSE,33.4,-117.5,-117.5
19,00:00:07,6,F,LAUNCH_PAD,0.2,29.0,101.4,3.9,0.2,1.4,-0.1,3.0,-1.0,9.5,-0.6,66.6,16:45:56,0.000000,0.000000,0.000000,0,MECPAYLOADON,0.7,FALSE,TRUE,FALSE,33.4,-117.5,-117.5
20,00:00:08,7,F,LAUNCH_PAD,-0.1,29.0,101.4,3.9,0.1,4.6,-1.2,-6.8,-1.3,8.9,-2.2,78.0,16:45:58,0.000000,0.000000,0.000000,0,MECPAYLOADON,0.7,FALSE,TRUE,FALSE,33.4,-117.5,-117.5
21,00:00:09,8,F,LAUNCH_PAD,-0.2,29.0,101.4,3.9,0.1,-47.8,-5.1,6.1,-2.8,9.1,-0.2,69.2,16:45:59,0.000000,0.000000,0.000000,0,MECPAYLOADON,0.7,FALSE,TRUE,FALSE,33.4,-117.5,-117.5
22,00:00:10,9,F,LAUNCH_PAD,0.7,29.0,101.4,3.9,0.1,-41.1,12.0,-9.7,-0.0,8.6,3.5,45.2,16:46:00,0.000000,0.000000,0.000000,0,MECPAYLOADON,0.7,FALSE,TRUE,FALSE,33.4,-117.5,-117.5
23,00:00:11,10,F,LAUNCH_PAD,0.2,29.1,101.4,3.9,0.1,8.6,6.8,-13.1,-0.6,8.7,3.6,39.1,16:46:01,27.500000,33.385273,-117.495544,5,MECPAYLOADON,0.7,FALSE,TRUE,FALSE,33.4,-117.5,-117.5
24,00:00:12,11,F,LAUNCH_PAD,0.2,29.1,101.4,3.9,0.1,-0.1,-3.4,2.1,-1.0,8.3,3.3,39.9,16:46:01,27.500000,33.385273,-117.495544,5,MECPAYLOADOFF,0.7,FALSE,FALSE,FALSE,33.4,-117.5,-117.5
25,00:00:14,12,F,LAUNCH_PAD,0.6,29.1,101.4,3.9,0.2,-4.6,-2.6,5.1,0.4,8.9,4.9,36.1,16:46:04,27.600000,33.385277,-117.495544,4,MECPAYLOADOFF,0.7,FALSE,FALSE,FALSE,33.4,-117.5,-117.5
26,00:00:15,13,F,LAUNCH_PAD,-0.1,29.2,101.4,3.9,0.1,-11.2,-3.1,0.1,-0.4,9.4,-1.9,73.4,16:46:05,27.600000,33.385277,-117.495544,4,MECPAYLOADOFF,0.7,FALSE,FALSE,FALSE,33.4,-117.5,-117.5
27,00:00:16,14,F,LAUNCH_PAD,0.4,29.2,101.4,3.9,0.2,8.3,19.1,4.2,-0.7,9.9,-0.2,62.5,16:46:06,27.600000,33.385265,-117.495544,3,MECPAYLOADOFF,0.7,FALSE,FALSE,FALSE,33.4,-117.5,-117.5
28,00:00:17,15,F,LAUNCH_PAD,0.4,29.2,101.4,3.9,0.1,-0.5,-2.8,-15.8,-4.5,8.9,1.0,34.9,16:46:07,27.700001,33.385239,-117.495522,5,MECPAYLOADOFF,0.7,FALSE,FALSE,FALSE,33.4,-117.5,-117.5
29,00:00:18,16,F,LAUNCH_PAD,-0.0,29.2,101.4,3.9,0.2,4.6,-0.4,1.1,-5.9,6.9,-3.3,335.1,16:46:08,27.700001,33.385231,-117.495522,3,MECPAYLOADOFF,0.7,FALSE,FALSE,FALSE,33.4,-117.5,-117.5
30,00:00:19,17,F,LAUNCH_PAD,0.8,29.2,101.4,3.9,0.3,-21.5,-11.2,-9.1,-6.4,6.3,0.1,63.1,16:46:09,27.700001,33.385204,-117.495529,5,MECPAYLOADOFF,0.8,FALSE,FALSE,FALSE,33.4,-117.5,-117.5
31,00:00:20,18,F,LAUNCH_PAD,0.8,29.2,101.4,3.9,0.2,-58.3,-64.7,10.9,-6.7,-0.6,6.9,357.8,16:46:10,27.799999,33.385208,-117.495529,5,MECPAYLOADOFF,0.8,FALSE,FALSE,FALSE,33.4,-117.5,-117.5
32,00:00:21,19,F,LAUNCH_PAD,0.2,29.2,101.4,3.9,0.2,28.8,7.0,-16.5,-6.1,0.1,6.7,21.8,16:46:11,27.799999,33.385212,-117.495522,5,MECPAYLOADOFF,0.9,FALSE,FALSE,FALSE,33.4,-117.5,-117.5
33,00:00:22,20,F,LAUNCH_PAD,0.2,29.3,101.4,3.9,0.2,44.6,13.4,-19.6,-6.7,0.1,6.5,51.1,16:46:12,27.799999,33.385220,-117.495522,5,MECPAYLOADOFF,0.9,FALSE,FALSE,FALSE,33.4,-117.5,-117.5
34,00:00:23,21,F,LAUNCH_PAD,-0.1,29.3,101.4,3.9,0.2,-43.7,-26.0,-19.2,-7.0,-0.1,7.4,48.6,16:46:13,27.799999,33.385227,-117.495522,5,MECPAYLOADOFF,0.9,FALSE,FALSE,FALSE,33.4,-117.5,-117.5
35,00:00:24,22,F,LAUNCH_PAD,0.5,29.3,101.4,3.9,0.2,-22.6,5.6,95.2,-6.8,2.1,5.9,53.5,16:46:14,27.799999,33.385242,-117.495514,5,MECPAYLOADOFF,0.9,FALSE,FALSE,FALSE,33.4,-117.5,-117.5
36,00:00:25,23,F,LAUNCH_PAD,0.3,29.3,101.4,3.9,0.2,-36.8,-36.0,-36.2,-5.8,-1.9,6.2,351.8,16:46:15,27.799999,33.385250,-117.495506,5,MECPAYLOADOFF,0.9,FALSE,FALSE,FALSE,33.4,-117.5,-117.5
37,00:00:26,24,F,LAUNCH_PAD,0.9,29.3,101.4,3.9,0.1,-47.9,6.0,44.5,-5.3,-5.2,2.8,336.8,16:46:16,27.799999,33.385254,-117.495506,5,MECPAYLOADOFF,0.9,FALSE,FALSE,FALSE,33.4,-117.5,-117.5
38,00:00:27,25,F,LAUNCH_PAD,0.2,29.3,101.4,3.9,0.1,-3.5,-24.6,2.3,-6.1,-3.2,5.3,356.0,16:46:17,27.900000,33.385262,-117.495506,5,MECPAYLOADOFF,0.9,FALSE,FALSE,FALSE,33.4,-117.5,-117.5
39,00:00:28,26,F,LAUNCH_PAD,0.4,29.3,101.4,3.9,0.2,-37.2,-29.8,67.8,-6.6,1.9,2.5,358.8,16:46:18,27.900000,33.385269,-117.495514,5,MECPAYLOADOFF,0.9,FALSE,FALSE,FALSE,33.4,-117.5,-117.5
40,00:00:29,27,F,LAUNCH_PAD,-0.0,29.4,101.4,3.9,0.2,14.9,-6.3,-21.7,-5.2,0.3,9.8,305.2,16:46:19,27.900000,33.385277,-117.495506,5,MECPAYLOADOFF,0.9,FALSE,FALSE,FALSE,33.4,-117.5,-117.5
41,00:00:30,28,F,LAUNCH_PAD,-0.1,29.4,101.4,3.9,0.2,55.2,-2.2,-87.0,-7.1,1.3,2.9,353.3,16:46:20,27.900000,33.385281,-117.495506,5,MECPAYLOADOFF,0.9,FALSE,FALSE,FALSE,33.4,-117.5,-117.5
42,00:00:31,29,F,LAUNCH_PAD,-0.0,29.4,101.4,3.9,0.1,68.4,-11.9,19.8,-9.6,0.5,0.5,24.8,16:46:21,27.900000,33.385281,-117.495506,5,MECPAYLOADOFF,0.9,FALSE,FALSE,FALSE,33.4,-117.5,-117.5
43,00:00:32,30,F,LAUNCH_PAD,0.4,29.4,101.4,3.9,0.2,-57.2,-15.4,50.6,-8.7,-1.2,3.2,353.8,16:46:22,27.900000,33.385281,-117.495514,5,MECPAYLOADOFF,0.9,FALSE,FALSE,FALSE,33.4,-117.5,-117.5
44,00:00:33,31,F,LAUNCH_PAD,-0.0,29.4,101.4,3.9,0.1,110.3,45.1,-66.0,-9.3,-0.3,2.7,45.3,16:46:23,27.900000,33.385281,-117.495522,5,MECPAYLOADOFF,0.9,FALSE,FALSE,FALSE,33.4,-117.5,-117.5
45,00:00:34,32,F,LAUNCH_PAD,-0.1,29.4,101.4,3.9,0.2,16.8,-49.5,-14.3,-8.9,0.0,3.0,7.1,16:46:24,27.900000,33.385284,-117.495522,5,MECPAYLOADOFF,0.9,FALSE,FALSE,FALSE,33.4,-117.5,-117.5
46,00:00:35,33,F,LAUNCH_PAD,0.2,29.4,101.4,3.9,0.1,-51.8,28.2,26.1,-9.3,-0.0,3.3,7.9,16:46:25,28.000000,33.385281,-117.495522,5,MECPAYLOADOFF,0.9,FALSE,FALSE,FALSE,33.4,-117.5,-117.5
47,00:00:36,34,F,LAUNCH_PAD,-0.6,29.4,101.4,3.9,0.2,3.3,21.4,-11.1,-7.5,0.4,2.5,0.6,16:46:26,28.000000,33.385281,-117.495514,5,MECPAYLOADOFF,0.9,FALSE,FALSE,FALSE,33.4,-117.5,-117.5
48,00:00:37,35,F,LAUNCH_PAD,-0.9,29.4,101.4,3.9,0.2,32.5,20.4,11.1,-8.2,-0.5,2.9,356.6,16:46:27,28.000000,33.385284,-117.495514,5,MECPAYLOADOFF,0.9,FALSE,FALSE,FALSE,33.4,-117.5,-117.5
49,00:00:38,36,F,LAUNCH_PAD,-0.4,29.4,101.4,3.9,0.2,-72.4,14.2,-4.1,-8.7,0.2,3.1,349.9,16:46:28,28.000000,33.385288,-117.495514,5,MECPAYLOADOFF,0.9,FALSE,FALSE,FALSE,33.4,-117.5,-117.5
50,00:00:39,37,F,LAUNCH_PAD,-0.2,29.4,101.4,3.9,0.2,20.7,10.4,-13.8,-8.8,0.1,3.0,348.2,16:46:29,28.000000,33.385296,-117.495514,5,MECPAYLOADOFF,0.9,FALSE,FALSE,FALSE,33.4,-117.5,-117.5
51,00:00:40,38,F,LAUNCH_PAD,-0.2,29.3,101.4,3.9,0.1,2.8,4.8,-2.7,-9.2,-0.0,3.1,346.4,16:46:30,28.000000,33.385300,-117.495514,5,MECPAYLOADOFF,0.9,FALSE,FALSE,FALSE,33.4,-117.5,-117.5
52,00:00:41,39,F,LAUNCH_PAD,-0.3,29.3,101.4,3.9,0.1,1.1,1.0,-0.7,-9.1,0.0,3.1,346.1,16:46:31,28.000000,33.385303,-117.495514,5,MECPAYLOADOFF,0.9,FALSE,FALSE,FALSE,33.4,-117.5,-117.5
53,00:00:42,40,F,LAUNCH_PAD,-0.6,29.2,101.4,3.9,0.2,1.7,1.1,-0.7,-9.2,0.0,3.2,346.9,16:46:32,28.000000,33.385303,-117.495514,4,MECPAYLOADOFF,0.9,FALSE,FALSE,FALSE,33.4,-117.5,-117.5
54,00:00:43,41,F,LAUNCH_PAD,-0.5,29.2,101.4,3.9,0.1,0.3,2.3,1.4,-9.1,0.1,3.2,347.0,16:46:33,28.000000,33.385307,-117.495522,4,MECPAYLOADOFF,0.9,FALSE,FALSE,FALSE,33.4,-117.5,-117.5
55,00:00:44,42,F,LAUNCH_PAD,-0.4,29.2,101.4,3.9,0.1,-6.4,8.4,-0.4,-9.2,0.1,3.2,345.2,16:46:34,28.000000,33.385311,-117.495522,4,MECPAYLOADOFF,0.9,FALSE,FALSE,FALSE,33.4,-117.5,-117.5
56,00:00:45,43,F,LAUNCH_PAD,-0.6,29.2,101.4,3.9,0.2,47.9,67.1,-0.7,-9.9,-0.1,3.1,19.5,16:46:35,28.000000,33.385319,-117.495522,4,MECPAYLOADOFF,0.9,FALSE,FALSE,FALSE,33.4,-117.5,-117.5
57,00:00:46,44,F,LAUNCH_PAD,-1.2,29.2,101.4,3.9,0.1,-11.1,16.7,-7.6,-9.2,0.1,3.1,36.8,16:46:36,28.000000,33.385319,-117.495529,4,MECPAYLOADOFF,0.9,FALSE,FALSE,FALSE,33.4,-117.5,-117.5
58,00:00:47,45,F,LAUNCH_PAD,-0.6,29.2,101.4,3.9,0.1,-101.6,0.8,23.2,-9.2,-0.0,3.1,23.6,16:46:37,28.000000,33.385323,-117.495522,4,MECPAYLOADOFF,0.9,FALSE,FALSE,FALSE,33.4,-117.5,-117.5
59,00:00:48,46,F,LAUNCH_PAD,-0.0,29.2,101.4,3.9,0.1,-76.3,10.7,31.6,-9.6,-0.2,3.2,323.5,16:46:38,28.100000,33.385311,-117.495529,4,MECPAYLOADOFF,0.9,FALSE,FALSE,FALSE,33.4,-117.5,-117.5
60,00:00:49,47,F,LAUNCH_PAD,0.2,29.3,101.4,3.9,0.2,7.9,-10.4,-5.4,-9.3,0.1,3.3,285.2,16:46:39,28.100000,33.385311,-117.495529,4,MECPAYLOADOFF,0.9,FALSE,FALSE,FALSE,33.4,-117.5,-117.5
61,00:00:50,48,F,LAUNCH_PAD,-0.1,29.3,101.4,3.9,0.1,-8.1,5.9,1.6,-9.2,0.3,2.8,258.3,16:46:40,28.100000,33.385323,-117.495529,4,MECPAYLOADOFF,0.9,FALSE,FALSE,FALSE,33.4,-117.5,-117.5
62,00:00:51,49,F,LAUNCH_PAD,-0.4,29.3,101.4,3.9,0.2,34.1,3.6,-8.7,-9.2,-0.5,2.4,283.9,16:46:41,28.100000,33.385323,-117.495529,4,MECPAYLOADOFF,0.9,FALSE,FALSE,FALSE,33.4,-117.5,-117.5
63,00:00:52,50,F,LAUNCH_PAD,-0.9,29.4,101.4,3.9,0.1,-3.3,0.8,-3.8,-9.2,-0.1,2.6,289.2,16:46:42,28.100000,33.385334,-117.495522,4,MECPAYLOADOFF,0.9,FALSE,FALSE,FALSE,33.4,-117.5,-117.5
64,00:00:53,51,F,LAUNCH_PAD,-0.1,29.4,101.4,3.9,0.1,-1.5,0.9,-0.6,-9.3,-0.1,2.2,288.5,16:46:43,28.100000,33.385342,-117.495529,4,MECPAYLOADOFF,0.9,FALSE,FALSE,FALSE,33.4,-117.5,-117.5
65,00:00:54,52,F,LAUNCH_PAD,0.2,29.4,101.4,3.9,0.2,-11.8,1.5,-0.1,-9.4,-0.1,2.4,286.0,16:46:44,28.100000,33.385338,-117.495522,4,MECPAYLOADOFF,0.9,FALSE,FALSE,FALSE,33.4,-117.5,-117.5
66,00:00:55,53,F,LAUNCH_PAD,-0.2,29.4,101.4,3.9,0.2,23.5,3.6,-10.4,-9.3,-0.6,2.4,296.3,16:46:45,28.100000,33.385338,-117.495522,4,MECPAYLOADOFF,0.9,FALSE,FALSE,FALSE,33.4,-117.5,-117.5
67,00:00:56,54,F,LAUNCH_PAD,-0.3,29.4,101.4,3.9,0.1,123.4,-12.2,-26.6,-11.2,-0.0,3.6,344.7,16:46:46,28.100000,33.385338,-117.495522,4,MECPAYLOADOFF,0.9,FALSE,FALSE,FALSE,33.4,-117.5,-117.5
68,00:00:57,55,F,LAUNCH_PAD,-0.4,29.4,101.4,3.9,0.1,-98.4,-30.0,-0.2,-9.7,-2.1,1.2,341.9,16:46:47,28.100000,33.385326,-117.495522,4,MECPAYLOADOFF,0.9,FALSE,FALSE,FALSE,33.4,-117.5,-117.5
69,00:00:58,56,F,LAUNCH_PAD,0.6,29.4,101.4,3.9,0.1,40.8,49.5,37.2,-8.5,0.7,0.6,6.4,16:46:48,28.100000,33.385323,-117.495522,4,MECPAYLOADOFF,0.9,FALSE,FALSE,FALSE,33.4,-117.5,-117.5
70,00:00:59,57,F,LAUNCH_PAD,-0.7,29.4,101.4,3.9,0.1,-58.8,1.2,16.9,-9.9,0.5,0.4,45.0,16:46:49,28.100000,33.385330,-117.495522,5,MECPAYLOADOFF,0.9,FALSE,FALSE,FALSE,33.4,-117.5,-117.5
71,00:01:02,60,F,LAUNCH_PAD,-0.2,29.5,101.4,3.9,0.1,43.9,-29.4,-16.3,-9.8,0.3,0.6,38.1,16:46:52,28.100000,33.385311,-117.495522,5,MECPAYLOADOFF,0.9,FALSE,FALSE,FALSE,33.4,-117.5,-117.5
72,00:01:03,61,F,LAUNCH_PAD,-0.3,29.5,101.4,3.9,0.2,-77.7,-68.5,-1.3,-6.9,-0.5,0.5,344.6,16:46:53,28.200001,33.385319,-117.495529,5,MECPAYLOADOFF,0.9,FALSE,FALSE,FALSE,33.4,-117.5,-117.5
73,00:01:04,62,F,LAUNCH_PAD,0.6,29.5,101.4,3.9,0.2,-20.9,-22.2,10.2,-8.7,-0.9,4.1,299.8,16:46:54,28.200001,33.385319,-117.495529,5,MECPAYLOADOFF,0.9,FALSE,FALSE,FALSE,33.4,-117.5,-117.5
74,00:01:05,63,F,LAUNCH_PAD,-0.1,29.5,101.4,3.9,0.1,84.4,16.2,1.7,-8.2,4.3,2.2,322.1,16:46:55,28.200001,33.385319,-117.495537,5,MECPAYLOADOFF,0.9,FALSE,FALSE,FALSE,33.4,-117.5,-117.5
75,00:01:06,64,F,LAUNCH_PAD,0.5,29.5,101.4,3.9,0.2,60.0,-44.4,66.1,-5.1,-0.1,8.1,230.4,16:46:56,28.200001,33.385319,-0.110000,5,MECPAYLOADOFF,0.9,FALSE,FALSE,FALSE,33.4,-117.5,-117.5
76,00:01:07,65,F,LAUNCH_PAD,0.0,29.5,101.4,3.9,0.2,5.7,7.9,14.9,-6.9,-0.4,4.7,181.4,16:46:57,28.200001,33.385311,-117.495529,5,MECPAYLOADOFF,0.9,FALSE,FALSE,FALSE,33.4,-117.5,-117.5
77,00:01:08,66,F,LAUNCH_PAD,0.0,29.6,101.4,3.9,0.1,100.2,38.4,-64.1,-8.5,4.4,1.4,256.3,16:46:58,28.200001,33.385307,-117.495529,5,MECPAYLOADOFF,0.9,FALSE,FALSE,FALSE,33.4,-117.5,-117.5
78,00:01:09,67,F,LAUNCH_PAD,-0.2,29.6,101.4,3.9,0.2,14.1,-9.4,-36.4,-8.9,3.8,-0.1,268.1,16:46:59,28.200001,33.385307,-117.495529,5,MECPAYLOADOFF,0.9,FALSE,FALSE,FALSE,33.4,-117.5,-117.5
79,00:01:10,68,F,LAUNCH_PAD,-0.0,29.6,101.4,3.9,0.1,10.4,33.8,7.8,-9.9,0.6,-1.9,283.0,16:47:00,28.200001,33.385311,-117.495522,5,MECPAYLOADOFF,0.9,FALSE,FALSE,FALSE,33.4,-117.5,-117.5
80,00:01:11,69,F,LAUNCH_PAD,0.4,29.6,101.4,3.9,0.1,-27.2,-15.5,24.8,-9.5,1.2,-1.6,266.2,16:47:01,28.200001,33.385303,-117.495522,5,MECPAYLOADOFF,0.9,FALSE,FALSE,FALSE,33.4,-117.5,-117.5
81,00:01:12,70,F,LAUNCH_PAD,0.2,29.6,101.4,3.9,0.1,-93.1,11.8,31.9,-8.7,1.6,0.4,225.8,16:47:02,28.200001,33.385303,-117.495522,5,MECPAYLOADOFF,0.9,FALSE,FALSE,FALSE,33.4,-117.5,-117.5
82,00:01:13,71,F,LAUNCH_PAD,0.2,29.6,101.4,3.9,0.2,31.8,-12.3,9.1,-8.9,0.3,4.8,175.6,16:47:03,28.200001,33.385303,-117.495522,5,MECPAYLOADOFF,0.9,FALSE,FALSE,FALSE,33.4,-117.5,-117.5
83,00:01:14,72,F,LAUNCH_PAD,-0.1,29.6,101.4,3.9,0.2,24.0,-20.8,9.0,-11.5,0.6,5.4,163.0,16:47:04,28.299999,33.385288,-117.495529,5,MECPAYLOADOFF,0.9,FALSE,FALSE,FALSE,33.4,-117.5,-117.5
84,00:01:15,73,F,LAUNCH_PAD,0.4,29.7,101.4,3.9,0.1,39.8,14.9,-23.6,-7.0,-0.6,2.5,195.6,16:47:05,28.299999,33.385273,-117.495537,5,MECPAYLOADOFF,0.9,FALSE,FALSE,FALSE,33.4,-117.5,-117.5
85,00:01:16,74,F,LAUNCH_PAD,-0.1,29.7,101.4,3.9,0.1,0.3,38.5,-51.3,-9.2,0.4,2.7,245.7,16:47:06,28.299999,33.385265,-117.495537,5,MECPAYLOADOFF,0.9,FALSE,FALSE,FALSE,33.4,-117.5,-117.5
86,00:01:17,75,F,LAUNCH_PAD,-0.1,29.7,101.4,3.9,0.1,37.2,-19.8,-26.8,-9.1,-0.1,2.5,237.4,16:47:07,28.299999,33.385269,-117.495537,5,MECPAYLOADOFF,0.9,FALSE,FALSE,FALSE,33.4,-117.5,-117.5
87,00:01:18,76,F,LAUNCH_PAD,-0.3,29.7,101.4,3.9,0.1,-58.2,19.7,-12.7,-12.1,0.5,3.7,219.9,16:47:08,28.299999,33.385265,-117.495537,5,MECPAYLOADOFF,0.9,FALSE,FALSE,FALSE,33.4,-117.5,-117.5
88,00:01:19,77,F,LAUNCH_PAD,-0.2,29.7,101.4,3.9,0.1,-21.5,-12.2,14.5,-9.4,0.7,2.7,203.5,16:47:09,28.299999,33.385262,-117.495537,5,MECPAYLOADOFF,0.9,FALSE,FALSE,FALSE,33.4,-117.5,-117.5
89,00:01:20,78,F,LAUNCH_PAD,-0.1,29.7,101.4,3.9,0.1,-1.9,-15.2,40.1,-9.3,-0.1,2.6,211.9,16:47:10,28.299999,33.385254,-117.495544,5,MECPAYLOADOFF,0.9,FALSE,FALSE,FALSE,33.4,-117.5,-117.5
90,00:01:21,79,F,LAUNCH_PAD,-0.4,29.7,101.4,3.9,0.1,-8.4,-2.4,1.0,-9.0,0.4,2.8,198.8,16:47:11,28.299999,33.385254,-117.495537,5,MECPAYLOADOFF,0.9,FALSE,FALSE,FALSE,33.4,-117.5,-117.5
91,00:01:22,80,F,LAUNCH_PAD,-0.7,29.8,101.4,3.9,0.1,-4.0,0.8,-2.2,-9.2,0.3,3.0,199.8,16:47:12,28.299999,33.385254,-117.495544,5,MECPAYLOADOFF,0.9,FALSE,FALSE,FALSE,33.4,-117.5,-117.5
92,00:01:23,81,F,LAUNCH_PAD,0.1,29.8,101.4,3.9,0.1,-6.1,0.9,1.4,-9.3,0.3,3.0,198.1,16:47:13,28.299999,33.385254,-117.495544,5,MECPAYLOADOFF,0.9,FALSE,FALSE,FALSE,33.4,-117.5,-117.5
93,00:01:24,82,F,LAUNCH_PAD,-0.5,29.8,101.4,3.9,0.1,-4.9,-1.6,1.2,-9.3,0.2,3.0,195.0,16:47:14,28.299999,33.385258,-117.495544,5,MECPAYLOADOFF,0.9,FALSE,FALSE,FALSE,33.4,-117.5,-117.5
94,00:01:25,83,F,LAUNCH_PAD,-0.5,29.8,101.4,3.9,0.1,0.3,-1.8,1.8,-9.4,0.3,3.0,190.1,16:47:15,28.299999,33.385265,-117.495544,5,MECPAYLOADOFF,0.9,FALSE,FALSE,FALSE,33.4,-117.5,-117.5
95,00:01:26,84,F,LAUNCH_PAD,-0.3,29.8,101.4,3.9,0.2,21.9,18.6,-2.4,-8.9,0.3,2.8,201.9,16:47:16,28.299999,33.385265,-117.495552,3,MECPAYLOADOFF,0.9,FALSE,FALSE,FALSE,33.4,-117.5,-117.5
96,00:01:27,85,F,LAUNCH_PAD,0.1,29.8,101.4,3.9,0.2,-0.0,1.9,3.6,-9.4,-0.2,2.6,216.6,16:47:17,28.299999,33.385254,-117.495560,3,MECPAYLOADOFF,0.9,FALSE,FALSE,FALSE,33.4,-117.5,-117.5
97,00:01:28,86,F,LAUNCH_PAD,-0.4,29.8,101.4,3.9,0.1,131.0,-5.4,-28.8,-9.1,0.3,3.3,279.3,16:47:18,28.299999,33.385265,-117.495560,4,MECPAYLOADOFF,0.9,FALSE,FALSE,FALSE,33.4,-117.5,-117.5
98,00:01:29,87,F,LAUNCH_PAD,-0.2,29.8,101.4,3.9,0.1,71.8,23.8,-14.6,-10.4,0.0,2.7,355.6,16:47:19,28.400000,33.385284,-117.495560,4,MECPAYLOADOFF,0.9,FALSE,FALSE,FALSE,33.4,-117.5,-117.5
99,00:01:30,88,F,LAUNCH_PAD,-0.5,29.8,101.4,3.9,0.1,-0.6,14.5,-3.6,-8.8,1.5,2.2,26.1,16:47:20,28.400000,33.385288,-117.495560,4,MECPAYLOADOFF,0.9,FALSE,FALSE,FALSE,33.4,-117.5,-117.5
100,00:01:31,89,F,LAUNCH_PAD,-0.5,29.9,101.4,3.9,0.1,-53.2,56.2,60.3,-6.9,-0.0,2.3,356.9,16:47:21,28.400000,33.385288,-117.495552,4,MECPAYLOADOFF,0.9,FALSE,FALSE,FALSE,33.4,-117.5,-117.5
101,00:01:32,90,F,LAUNCH_PAD,-0.6,29.9,101.4,3.9,0.1,16.9,5.5,-1.0,-9.3,0.1,3.5,264.7,16:47:22,28.400000,33.385288,-117.495552,4,MECPAYLOADOFF,0.9,FALSE,FALSE,FALSE,33.4,-117.5,-117.5
102,00:01:33,91,F,LAUNCH_PAD,-0.5,29.9,101.4,3.9,0.1,84.2,8.8,-5.1,-8.7,-0.0,3.0,341.6,16:47:23,28.400000,33.385311,-117.495544,4,MECPAYLOADOFF,0.9,FALSE,FALSE,FALSE,33.4,-117.5,-117.5
103,00:01:34,92,F,LAUNCH_PAD,-0.2,29.9,101.4,3.9,0.2,75.5,-20.3,-1.6,-6.6,-0.0,2.2,28.5,16:47:24,28.400000,33.385311,-117.495544,4,MECPAYLOADOFF,0.9,FALSE,FALSE,FALSE,33.4,-117.5,-117.5
104,00:01:35,93,F,LAUNCH_PAD,-0.5,29.9,101.4,3.9,0.1,-4.9,5.7,-19.8,-9.9,0.1,3.4,39.4,16:47:25,28.400000,33.385315,-117.495537,4,MECPAYLOADOFF,0.9,FALSE,FALSE,FALSE,33.4,-117.5,-117.5
105,00:01:36,94,F,LAUNCH_PAD,-0.9,29.9,101.4,3.9,0.2,83.0,1.9,-11.1,-8.9,-0.0,3.0,69.2,16:47:26,28.400000,33.385311,-117.495537,4,MECPAYLOADOFF,0.9,FALSE,FALSE,FALSE,33.4,-117.5,-117.5
106,00:01:37,95,F,LAUNCH_PAD,-0.7,29.9,101.4,3.9,0.1,16.7,2.7,-23.1,-9.9,0.2,3.7,98.9,16:47:27,28.400000,33.385319,-117.495537,4,MECPAYLOADOFF,0.9,FALSE,FALSE,FALSE,33.4,-117.5,-117.5
107,00:01:38,96,F,LAUNCH_PAD,-0.4,29.9,101.4,3.9,0.1,102.5,31.2,-29.2,-8.7,0.0,3.1,143.8,16:47:28,28.400000,33.385323,-117.495529,4,MECPAYLOADOFF,0.9,FALSE,FALSE,FALSE,33.4,-117.5,-117.5
108,00:01:39,97,F,LAUNCH_PAD,0.2,29.9,101.4,3.9,0.2,6.5,-36.3,5.2,-10.1,-0.1,3.0,155.7,16:47:29,28.400000,33.385323,-117.495537,4,MECPAYLOADOFF,0.9,FALSE,FALSE,FALSE,33.4,-117.5,-117.5
109,00:01:40,98,F,LAUNCH_PAD,0.1,29.9,101.4,3.9,0.2,-0.1,-3.1,6.8,-9.5,0.5,2.6,149.5,16:47:30,28.400000,33.385323,-117.495537,4,MECPAYLOADOFF,0.9,FALSE,FALSE,FALSE,33.4,-117.5,-117.5
110,00:01:41,99,F,LAUNCH_PAD,-0.2,29.9,101.4,3.9,0.2,-0.9,-1.1,-2.1,-9.5,0.7,1.4,147.8,16:47:31,28.400000,33.385323,-117.495529,4,MECPAYLOADOFF,0.9,FALSE,FALSE,FALSE,33.4,-117.5,-117.5
111,00:01:42,100,F,LAUNCH_PAD,0.7,29.9,101.4,3.9,0.1,-0.9,6.2,1.4,-9.4,0.3,0.9,147.1,16:47:32,28.400000,33.385326,-117.495529,4,MECPAYLOADOFF,0.9,FALSE,FALSE,FALSE,33.4,-117.5,-117.5
112,00:01:43,101,F,LAUNCH_PAD,0.6,29.9,101.4,3.9,0.1,-0.2,-0.7,-0.8,-9.7,0.6,0.9,147.1,16:47:33,28.400000,33.385323,-117.495537,4,MECPAYLOADOFF,1.2,FALSE,FALSE,FALSE,33.4,-117.5,-117.5
113,00:01:44,102,F,LAUNCH_PAD,0.1,30.0,101.4,3.9,0.1,0.3,0.3,-0.4,-9.6,0.0,-0.4,146.9,16:47:34,28.500000,33.385319,-117.495529,4,MECPAYLOADOFF,1.2,FALSE,FALSE,FALSE,33.4,-117.5,-117.5
114,00:01:45,103,F,LAUNCH_PAD,-0.4,30.0,101.4,3.9,0.1,-0.2,0.1,-0.4,-9.7,0.3,0.6,147.1,16:47:35,28.500000,33.385311,-117.495537,4,MECPAYLOADOFF,1.2,FALSE,FALSE,FALSE,33.4,-117.5,-117.5
115,00:01:46,104,F,LAUNCH_PAD,0.2,30.0,101.4,3.9,0.1,0.1,-0.1,-0.1,-9.7,0.4,0.6,147.1,16:47:36,28.500000,33.385303,-117.495537,4,MECPAYLOADOFF,1.2,FALSE,FALSE,FALSE,33.4,-117.5,-117.5
116,00:01:47,105,F,LAUNCH_PAD,0.6,30.0,101.4,3.9,0.2,0.1,-0.2,0.1,-9.6,0.4,0.6,147.1,16:47:37,28.500000,33.385303,-117.495537,4,MECPAYLOADOFF,1.2,FALSE,FALSE,FALSE,33.4,-117.5,-117.5
117,00:01:48,106,F,LAUNCH_PAD,-0.4,30.0,101.4,3.9,0.1,0.1,-0.1,-0.1,-9.6,0.4,0.5,147.1,16:47:38,28.500000,33.385303,-117.495537,5,MECPAYLOADOFF,1.2,FALSE,FALSE,FALSE,33.4,-117.5,-117.5
118,00:01:49,107,F,LAUNCH_PAD,-0.1,30.0,101.4,3.9,0.1,1.8,-2.1,2.2,-9.0,0.4,0.2,147.1,16:47:39,28.500000,33.385300,-117.495529,5,MECPAYLOADOFF,1.2,FALSE,FALSE,FALSE,33.4,-117.5,-117.5
119,00:01:50,108,F,LAUNCH_PAD,0.3,30.0,101.4,3.9,0.2,0.1,1.4,-0.1,-9.6,0.3,0.6,147.2,16:47:40,28.500000,33.385300,-117.495522,5,MECPAYLOADOFF,1.2,FALSE,FALSE,FALSE,33.4,-117.5,-117.5
120,00:01:51,109,F,LAUNCH_PAD,0.4,30.0,101.4,3.9,0.1,-3.5,-4.6,-1.5,-9.5,0.6,0.4,146.7,16:47:41,28.500000,33.385292,-117.495514,5,MECPAYLOADOFF,1.2,FALSE,FALSE,FALSE,33.4,-117.5,-117.5
121,00:01:52,110,F,LAUNCH_PAD,0.1,30.0,101.4,3.9,0.1,-101.9,-29.1,36.6,-9.4,-0.1,3.3,100.6,16:47:42,28.500000,33.385281,-117.495514,5,MECPAYLOADOFF,1.2,FALSE,FALSE,FALSE,33.4,-117.5,-117.5
122,00:01:53,111,F,LAUNCH_PAD,0.5,30.0,101.4,3.9,0.1,-76.1,-3.8,23.3,-8.3,0.0,2.7,6.1,16:47:43,28.500000,33.385284,-117.495514,5,MECPAYLOADOFF,1.2,FALSE,FALSE,FALSE,33.4,-117.5,-117.5
123,00:01:54,112,F,LAUNCH_PAD,0.2,30.1,101.4,3.9,0.1,-72.4,-6.6,31.6,-9.1,-0.0,2.5,296.2,16:47:44,28.500000,0.330000,-117.495522,5,MECPAYLOADOFF,1.2,FALSE,FALSE,FALSE,33.4,-117.5,-117.5
124,00:01:55,113,F,LAUNCH_PAD,0.1,30.0,101.4,3.9,0.1,87.4,20.8,-5.1,-10.5,-0.1,3.5,326.0,16:47:45,28.500000,33.385277,-117.495514,5,MECPAYLOADOFF,1.2,FALSE,FALSE,FALSE,33.4,-117.5,-117.5
125,00:01:56,114,F,LAUNCH_PAD,-0.1,30.0,101.4,3.9,0.1,47.8,17.2,-7.4,-9.3,-0.0,3.2,359.7,16:47:46,28.500000,33.385281,-117.495514,5,MECPAYLOADOFF,1.2,FALSE,FALSE,FALSE,33.4,-117.5,-117.5
126,00:01:57,115,F,LAUNCH_PAD,0.4,30.1,101.4,3.9,0.1,-13.4,25.8,11.4,-8.1,0.0,2.5,2.8,16:47:47,28.500000,33.385284,-117.495514,5,MECPAYLOADOFF,1.2,FALSE,FALSE,FALSE,33.4,-117.5,-117.5
127,00:01:58,116,F,LAUNCH_PAD,-1.0,30.1,101.4,3.9,0.1,9.4,35.0,3.9,-10.3,0.1,3.7,355.1,16:47:48,28.600000,33.385296,-117.495506,5,MECPAYLOADOFF,1.2,FALSE,FALSE,FALSE,33.4,-117.5,-117.5
128,00:01:59,117,F,LAUNCH_PAD,-1.2,30.0,101.4,3.9,0.1,11.1,46.8,10.9,-9.7,0.2,3.5,335.4,16:47:49,28.600000,33.385296,-117.495499,5,MECPAYLOADOFF,1.2,FALSE,FALSE,FALSE,33.4,-117.5,-117.5
129,00:02:00,118,F,LAUNCH_PAD,-1.0,30.0,101.4,3.9,0.1,-47.2,73.6,3.8,-9.4,2.8,4.2,336.1,16:47:50,28.600000,33.385300,-117.495499,5,MECPAYLOADOFF,1.2,FALSE,FALSE,FALSE,33.4,-117.5,-117.5
130,00:02:01,119,F,LAUNCH_PAD,-1.0,30.0,101.4,3.9,0.1,40.8,51.7,-31.9,-8.7,0.1,3.4,359.4,16:47:51,28.600000,33.385300,-117.495506,5,MECPAYLOADOFF,1.2,FALSE,FALSE,FALSE,33.4,-117.5,-117.5
131,00:02:02,120,F,LAUNCH_PAD,-0.7,30.0,101.4,3.9,0.1,2.3,-20.7,-37.5,-9.3,0.2,3.4,12.6,16:47:52,28.600000,33.385303,-117.495499,5,MECPAYLOADOFF,1.2,FALSE,FALSE,FALSE,33.4,-117.5,-117.5
132,00:02:04,122,F,LAUNCH_PAD,0.9,30.0,101.4,3.9,0.1,-0.8,-4.2,-2.6,-9.3,-0.1,2.7,12.7,16:47:54,28.700001,33.385303,-117.495499,5,MECPAYLOADOFF,1.2,FALSE,FALSE,FALSE,33.4,-117.5,-117.5
133,00:02:05,123,F,LAUNCH_PAD,-0.6,30.1,101.4,3.9,0.1,-0.0,-0.8,-1.1,-9.2,0.0,3.0,12.4,16:47:55,28.600000,33.385311,-117.495499,5,MECPAYLOADOFF,1.2,FALSE,FALSE,FALSE,33.4,-117.5,-117.5
134,00:02:06,124,F,LAUNCH_PAD,-0.6,30.1,101.4,3.9,0.1,0.6,-0.4,-0.1,-9.2,-0.1,3.1,12.5,16:47:56,28.600000,33.385311,-117.495499,5,MECPAYLOADOFF,1.2,FALSE,FALSE,FALSE,33.4,-117.5,-117.5
135,00:02:07,125,F,LAUNCH_PAD,-1.0,30.1,101.4,3.9,0.1,-0.0,-0.4,-0.6,-9.2,-0.1,3.1,12.5,16:47:57,28.600000,33.385319,-117.495506,5,MECPAYLOADOFF,1.2,FALSE,FALSE,FALSE,33.4,-117.5,-117.5
136,00:02:08,126,F,LAUNCH_PAD,-0.9,30.1,101.4,3.9,0.1,0.3,-0.2,0.2,-9.2,-0.1,3.2,12.5,16:47:58,28.600000,33.385323,-117.495506,4,MECPAYLOADOFF,1.2,FALSE,FALSE,FALSE,33.4,-117.5,-117.5
137,00:02:09,127,F,LAUNCH_PAD,-1.5,30.1,101.4,3.9,0.1,-0.2,-0.6,-0.4,-9.2,-0.1,3.0,12.5,16:47:59,28.600000,33.385330,-117.495499,3,MECPAYLOADOFF,1.2,FALSE,FALSE,FALSE,33.4,-117.5,-117.5
138,00:02:10,128,F,LAUNCH_PAD,-0.6,30.1,101.4,3.9,0.1,0.2,-1.8,0.5,-9.2,-0.1,3.0,12.4,16:48:00,28.600000,33.385334,-117.495506,3,MECPAYLOADOFF,1.2,FALSE,FALSE,FALSE,33.4,-117.5,-117.5
139,00:02:11,129,F,LAUNCH_PAD,-1.2,30.1,101.4,3.9,0.1,0.1,-0.4,0.2,-9.3,-0.1,3.0,12.5,16:48:01,28.600000,33.385342,-117.495514,3,MECPAYLOADOFF,1.2,FALSE,FALSE,FALSE,33.4,-117.5,-117.5
140,00:02:12,130,F,LAUNCH_PAD,-0.7,30.1,101.4,3.9,0.1,-0.4,2.8,-2.6,-9.2,-0.2,3.1,12.6,16:48:02,28.600000,33.385345,-117.495506,3,MECPAYLOADOFF,1.2,FALSE,FALSE,FALSE,33.4,-117.5,-117.5
141,00:02:13,131,F,LAUNCH_PAD,0.5,30.1,101.4,3.9,0.1,0.9,0.8,-0.2,-9.3,-0.0,2.2,12.9,16:48:03,28.600000,33.385349,-117.495506,3,MECPAYLOADOFF,1.2,FALSE,FALSE,FALSE,33.4,-117.5,-117.5
142,00:02:14,132,F,LAUNCH_PAD,-1.1,30.1,101.4,3.9,0.1,-0.8,-6.6,4.1,-9.3,0.8,2.4,13.2,16:48:04,28.600000,33.385342,-117.495491,4,MECPAYLOADOFF,1.2,FALSE,FALSE,FALSE,33.4,-117.5,-117.5
143,00:02:15,133,F,LAUNCH_PAD,-0.8,30.2,101.4,3.9,0.1,-63.1,-4.7,12.7,-8.4,-0.4,4.9,327.3,16:48:05,28.600000,33.385345,-117.495491,4,MECPAYLOADOFF,1.2,FALSE,FALSE,FALSE,33.4,-117.5,-117.5
144,00:02:16,134,F,LAUNCH_PAD,-0.8,30.1,101.4,3.9,0.1,-43.9,6.6,-7.6,-8.5,-1.1,4.6,329.1,16:48:06,28.600000,33.385345,-117.495491,4,MECPAYLOADOFF,1.2,FALSE,FALSE,FALSE,33.4,-117.5,-117.5
145,00:02:17,135,F,LAUNCH_PAD,-0.4,30.1,101.4,3.9,0.1,0.9,5.3,7.6,-9.1,-0.9,3.7,331.1,16:48:07,28.600000,33.385349,-117.495491,4,MECPAYLOADOFF,1.2,FALSE,FALSE,FALSE,33.4,-117.5,-117.5
146,00:02:18,136,F,LAUNCH_PAD,-0.5,30.1,101.4,3.9,0.1,8.4,19.4,53.4,-11.4,-0.2,4.0,328.8,16:48:08,28.600000,33.385345,-117.495491,4,MECPAYLOADOFF,1.2,FALSE,FALSE,FALSE,33.4,-117.5,-117.5
147,00:02:23,141,F,LAUNCH_PAD,0.2,30.2,101.4,3.9,0.1,-4.3,-8.2,-0.5,-9.2,-0.0,2.9,1.5,16:48:13,28.700001,33.385357,-117.495499,4,MECPAYLOADOFF,1.2,FALSE,FALSE,FALSE,33.4,-117.5,-117.5
148,00:02:24,142,F,LAUNCH_PAD,0.2,30.2,101.4,3.9,0.1,-3.2,-4.0,-1.2,-9.2,-0.0,2.9,0.6,16:48:14,28.700001,33.385349,-117.495506,4,MECPAYLOADOFF,1.2,FALSE,FALSE,FALSE,33.4,-117.5,-117.5
149,00:02:25,143,F,LAUNCH_PAD,0.7,30.2,101.4,3.9,0.1,-0.0,-0.9,-1.6,-9.2,-0.1,2.9,0.2,16:48:15,28.700001,33.385349,-117.495506,4,MECPAYLOADOFF,1.2,FALSE,FALSE,FALSE,33.4,-117.5,-117.5
150,00:02:26,144,F,LAUNCH_PAD,0.6,30.2,101.4,3.9,0.1,2.6,-2.7,0.4,-9.2,-0.1,2.9,359.2,16:48:16,28.799999,33.385349,-117.495506,4,MECPAYLOADOFF,1.2,FALSE,FALSE,FALSE,33.4,-117.5,-117.5
151,00:02:27,145,F,LAUNCH_PAD,0.4,30.2,101.4,3.9,0.2,-1.4,4.4,-2.1,-9.3,-0.0,3.0,358.9,16:48:17,28.900000,33.385353,-117.495499,4,MECPAYLOADOFF,1.2,FALSE,FALSE,FALSE,33.4,-117.5,-117.5
152,00:02:30,148,F,LAUNCH_PAD,0.1,30.2,101.4,3.9,0.1,-0.6,13.8,17.1,-9.8,-0.3,2.7,359.0,16:48:21,29.299999,33.385345,-117.495529,4,MECPAYLOADOFF,1.2,FALSE,FALSE,FALSE,33.4,-117.5,-117.5
153,00:02:31,149,F,LAUNCH_PAD,-3.4,30.2,101.4,3.9,0.1,-5.1,85.3,-30.0,-15.1,2.0,4.8,15.1,16:48:22,29.400000,33.385342,-117.495537,4,MECPAYLOADOFF,1.2,FALSE,FALSE,FALSE,33.4,-117.5,-117.5
154,00:02:32,150,F,LAUNCH_PAD,-4.4,30.2,101.4,3.9,0.1,-99.9,-29.8,-4.3,-10.2,0.1,2.5,341.1,16:48:23,29.400000,33.385345,-117.495537,4,MECPAYLOADOFF,1.2,FALSE,FALSE,FALSE,33.4,-117.5,-117.5
155,00:02:33,151,F,LAUNCH_PAD,-0.3,30.1,101.4,3.9,0.1,119.0,-3.6,11.1,-8.1,0.2,6.8,5.9,16:48:24,30.100000,33.385296,-117.495560,4,MECPAYLOADOFF,1.2,FALSE,FALSE,FALSE,33.4,-117.5,-117.5
156,00:02:34,152,F,LAUNCH_PAD,5.4,30.1,101.3,3.9,0.1,167.9,-16.4,-9.6,-7.9,2.9,3.4,331.6,16:48:25,30.400000,33.385345,-117.495544,4,MECPAYLOADOFF,5.3,FALSE,FALSE,FALSE,33.4,-117.5,-117.5
157,00:02:35,153,F,LAUNCH_PAD,9.0,30.1,101.3,3.9,0.1,123.3,-0.8,-36.9,-7.0,-0.0,-2.6,351.3,16:48:26,30.799999,33.385372,-117.495544,4,MECPAYLOADOFF,9.0,FALSE,FALSE,FALSE,33.4,-117.5,-117.5
158,00:02:36,154,F,LAUNCH_PAD,11.7,30.1,101.3,3.9,0.1,74.8,42.9,95.9,-1.0,-3.7,10.3,343.4,16:48:27,31.500000,33.385376,-117.495537,5,MECPAYLOADOFF,11.7,FALSE,FALSE,FALSE,33.4,-117.5,-117.5
159,00:02:37,155,F,LAUNCH_PAD,17.9,30.0,101.2,3.9,0.1,96.1,35.8,17.8,-8.4,-0.4,4.6,9.2,16:48:28,32.000000,33.385387,-117.495537,5,MECPAYLOADOFF,17.9,FALSE,FALSE,FALSE,33.4,-117.5,-117.5
160,00:02:39,157,F,LAUNCH_PAD,15.8,30.0,101.2,3.9,0.1,-41.4,49.4,-7.9,-11.8,-0.2,3.5,17.8,16:48:30,32.599998,33.385399,-117.495522,5,MECPAYLOADOFF,18.0,FALSE,FALSE,FALSE,33.4,-117.5,-117.5
161,00:02:40,158,F,LAUNCH_PAD,16.2,29.9,101.2,3.9,0.1,-232.4,6.3,-45.8,-12.4,-1.6,-0.8,344.2,16:48:31,32.799999,33.385399,-117.495522,5,MECPAYLOADOFF,18.0,FALSE,FALSE,FALSE,33.4,-117.5,-117.5
162,00:02:41,159,F,LAUNCH_PAD,20.4,29.9,101.1,3.9,0.1,12.3,17.6,-14.1,-11.4,0.1,2.9,14.4,16:48:32,33.200001,33.385403,-117.495522,5,MECPAYLOADOFF,20.1,FALSE,FALSE,FALSE,33.4,-117.5,-117.5
163,00:02:42,160,F,LAUNCH_PAD,22.5,29.9,101.1,3.9,0.1,-26.4,-41.6,12.2,-7.2,-1.6,2.1,22.5,16:48:33,33.700001,33.385391,-117.495522,5,MECPAYLOADOFF,22.4,FALSE,FALSE,FALSE,33.4,-117.5,-117.5
164,00:02:43,161,F,LAUNCH_PAD,27.3,29.8,101.1,3.9,0.1,-1.1,19.6,-1.6,-8.7,0.5,5.4,14.2,16:48:34,33.900002,33.385380,-117.495529,5,MECPAYLOADOFF,27.3,FALSE,FALSE,FALSE,33.4,-117.5,-117.5
165,00:02:44,162,F,LAUNCH_PAD,27.9,29.7,101.1,3.9,0.1,-170.9,-11.9,-24.2,-10.3,-0.7,4.8,10.6,16:48:35,34.299999,33.385361,-117.495522,5,MECPAYLOADOFF,28.0,FALSE,FALSE,FALSE,33.4,-117.5,-117.5
166,00:02:47,165,F,LAUNCH_PAD,31.8,29.6,101.0,3.9,0.1,-27.1,-3.2,-16.1,-12.3,2.7,4.1,7.1,16:48:38,35.400002,33.385326,-117.495506,5,MECPAYLOADOFF,31.6,FALSE,FALSE,FALSE,33.4,-117.5,-117.5
167,00:02:48,166,F,LAUNCH_PAD,34.0,29.5,101.0,3.9,0.1,125.6,-16.1,12.2,-10.9,-0.6,3.6,10.1,16:48:39,35.700001,33.385315,-117.495506,5,MECPAYLOADOFF,33.9,FALSE,FALSE,FALSE,33.4,-117.5,-117.5
168,00:02:49,167,F,LAUNCH_PAD,35.5,29.4,101.0,3.9,0.1,-195.9,-3.9,-51.6,-3.8,-5.1,1.3,356.7,16:48:40,36.000000,33.385292,-117.495499,5,MECPAYLOADOFF,35.4,FALSE,FALSE,FALSE,33.4,-117.5,-117.5
169,00:02:50,168,F,LAUNCH_PAD,35.7,29.5,101.0,3.9,0.2,-281.1,17.7,-11.6,-9.2,-0.9,11.1,355.4,16:48:04,36.299999,33.385281,-117.495499,5,MECPAYLOADOFF,35.7,FALSE,FALSE,FALSE,33.4,-117.5,-117.5
170,00:02:51,169,F,LAUNCH_PAD,39.3,29.4,100.9,3.9,0.1,212.4,25.1,20.6,-9.1,-1.4,2.0,20.4,16:48:42,36.599998,33.385273,-117.495506,5,MECPAYLOADOFF,39.2,FALSE,FALSE,FALSE,33.4,-117.5,-117.5
171,00:02:52,170,F,LAUNCH_PAD,38.2,29.4,100.9,3.9,0.1,-93.5,-22.1,-18.6,-8.7,-0.0,3.6,347.6,16:48:43,36.900002,33.385246,-117.495499,5,MECPAYLOADOFF,39.3,FALSE,FALSE,FALSE,33.4,-117.5,-117.5
172,00:02:53,171,F,LAUNCH_PAD,36.9,29.4,100.9,3.9,0.1,-130.6,-33.8,-9.9,-9.0,0.5,3.6,241.7,16:48:44,37.500000,33.385273,-117.495483,5,MECPAYLOADOFF,39.3,FALSE,FALSE,FALSE,33.4,-117.5,-117.5
173,00:02:54,172,F,LAUNCH_PAD,35.5,29.3,101.0,3.9,0.1,49.7,-0.2,51.1,-11.7,-0.4,4.3,172.2,16:48:45,38.200001,33.385319,-117.495461,5,MECPAYLOADOFF,39.3,FALSE,FALSE,FALSE,33.4,-117.5,-117.5
174,00:02:55,173,F,LAUNCH_PAD,30.1,29.3,101.1,3.9,0.1,101.5,75.1,21.2,-12.3,0.8,3.1,188.4,16:48:46,38.000000,33.385319,-117.495461,5,MECPAYLOADOFF,39.3,FALSE,FALSE,FALSE,33.4,-117.5,-117.5
175,00:02:56,174,F,LAUNCH_PAD,26.3,29.3,101.1,3.9,0.1,-5.1,-61.6,-11.1,-12.1,2.8,6.2,178.0,16:48:47,38.299999,33.385334,-117.495461,5,MECPAYLOADOFF,39.3,FALSE,FALSE,FALSE,33.4,-117.5,-117.5
176,00:02:57,175,F,LAUNCH_PAD,31.2,29.2,101.0,3.9,0.1,-74.4,104.5,100.6,-7.2,-0.5,2.6,173.6,16:48:48,38.700001,33.385342,-117.495476,5,MECPAYLOADOFF,39.3,FALSE,FALSE,FALSE,33.4,-117.5,-117.5
177,00:02:58,176,F,LAUNCH_PAD,36.7,29.2,101.0,3.9,0.1,-59.9,17.6,24.2,-8.9,-0.0,6.0,157.8,16:48:49,40.200001,33.385338,-117.495499,5,DROP!!!,39.3,FALSE,FALSE,FALSE,33.4,-117.5,-117.5
178,00:02:59,177,F,LAUNCH_PAD,40.6,29.1,100.9,3.9,0.1,-96.3,3.1,70.1,-8.8,3.2,-1.0,181.1,16:48:50,41.500000,33.385330,-117.495529,5,DROP!!!,40.6,FALSE,FALSE,FALSE,33.4,-117.5,-117.5
179,00:03:00,178,F,LAUNCH_PAD,49.6,29.1,100.8,3.9,0.1,157.2,76.7,-85.6,-8.2,-6.4,10.7,197.6,16:48:51,43.000000,33.385361,-117.495537,5,DROP!!!,49.6,FALSE,FALSE,FALSE,33.4,-117.5,-117.5
180,00:03:01,179,F,LAUNCH_PAD,51.6,29.0,100.8,3.9,0.1,-21.5,-55.2,-22.9,-8.9,-3.2,2.5,150.4,16:48:52,44.900002,33.385372,-117.495560,5,DROP!!!,51.8,FALSE,FALSE,FALSE,33.4,-117.5,-117.5
181,00:03:02,180,F,LAUNCH_PAD,57.3,28.9,100.7,3.9,0.1,-53.9,-24.8,49.8,-8.9,-2.8,5.4,191.1,16:48:53,46.599998,33.385380,-117.495583,5,DROP!!!,56.8,FALSE,FALSE,FALSE,33.4,-117.5,-117.5
