PACKET_COUNT,TEAM_ID,MISSION_TIME,MODE,STATE,ALTITUDE,TEMPERATURE,PRESSURE,VOLTAGE,CURRENT,GYRO_R,GYRO_P,GYRO_Y,ACCEL_R,ACCEL_P,ACCEL_Y,HEADING,GPS_TIME,GPS_ALTITUDE,GPS_LATITUDE,GPS_LONGITUDE,GPS_SATS,CMD_ECHO,MAX_ALTITUDE,CONTAINER_RELEASED,PAYLOAD_RELEASED,PARAGLIDER_ACTIVE,TARGET_LATITUDE,TARGET_LONGITUDE,CAM_DIRECTION
1,00:06:38,394,F,LAUNCH_PAD,-5.4,29.0,101.4,3.9,0.1,-6.1,32.5,14.7,-9.9,0.9,1.2,138.1,17:45:37,0.000000,0.000000,0.000000,0,MECCONTOFF,0.0,FALSE,FALSE,FALSE,0.0,0.0,0.0
2,00:00:01,1,F,LAUNCH_PAD,0.5,28.9,101.4,3.9,0.1,8.2,2.5,8.2,-8.8,0.2,2.2,124.1,23:59:49,0.000000,0.000000,0.000000,0,N/A,0.5,FALSE,FALSE,FALSE,0.0,0.0,0.0
3,00:00:02,2,F,LAUNCH_PAD,1.0,28.9,101.4,3.9,0.1,-27.7,-14.0,-11.4,-9.4,0.1,2.7,130.9,23:59:50,0.000000,0.000000,0.000000,0,N/A,1.0,FALSE,FALSE,FALSE,0.0,0.0,0.0
4,00:00:03,3,F,LAUNCH_PAD,0.5,28.8,101.4,3.9,0.2,12.3,4.1,1.4,-9.9,0.4,1.2,128.3,23:59:51,0.000000,0.000000,0.000000,0,N/A,1.0,FALSE,FALSE,FALSE,0.0,0.0,0.0
5,00:00:04,4,F,LAUNCH_PAD,0.9,28.9,101.4,3.9,0.1,0.9,-25.2,-19.0,-9.5,-0.1,2.3,124.0,23:59:52,0.000000,0.000000,0.000000,0,N/A,1.0,FALSE,FALSE,FALSE,0.0,0.0,0.0
6,00:00:05,5,F,LAUNCH_PAD,0.9,28.9,101.4,3.9,0.1,-8.9,-11.4,-11.0,-9.2,-0.1,2.4,119.1,23:59:53,0.000000,0.000000,0.000000,0,N/A,1.0,FALSE,FALSE,FALSE,0.0,0.0,0.0
7,00:00:06,6,F,LAUNCH_PAD,0.9,28.9,101.4,3.9,0.1,-36.6,7.9,7.8,-9.4,-0.2,2.6,98.1,23:59:54,0.000000,0.000000,0.000000,0,N/A,1.0,FALSE,FALSE,FALSE,0.0,0.0,0.0
8,00:00:07,7,F,LAUNCH_PAD,0.4,28.9,101.4,3.9,0.1,-8.5,3.2,-19.3,-9.3,-0.2,2.5,67.7,23:59:55,0.000000,0.000000,0.000000,0,N/A,1.0,FALSE,FALSE,FALSE,0.0,0.0,0.0
9,00:00:08,8,F,LAUNCH_PAD,0.3,28.9,101.4,3.9,0.1,25.4,28.0,-5.8,-9.1,-0.2,2.4,87.6,23:59:56,0.000000,0.000000,0.000000,0,N/A,1.0,FALSE,FALSE,FALSE,0.0,0.0,0.0
10,00:00:09,9,F,LAUNCH_PAD,0.9,28.9,101.4,3.9,0.1,-6.4,29.2,-3.7,-9.4,-0.2,2.4,107.9,23:59:57,0.000000,0.000000,0.000000,0,N/A,1.0,FALSE,FALSE,FALSE,0.0,0.0,0.0
11,00:00:10,10,F,LAUNCH_PAD,0.9,28.9,101.4,3.9,0.1,-6.2,6.7,7.3,-9.2,-0.1,2.5,101.3,23:59:58,0.000000,0.000000,0.000000,0,N/A,1.0,FALSE,FALSE,FALSE,0.0,0.0,0.0
12,00:00:11,11,F,LAUNCH_PAD,0.5,28.9,101.4,3.9,0.1,-0.5,1.2,-1.3,-9.5,-0.1,2.7,98.9,23:59:59,0.000000,0.000000,0.000000,0,N/A,1.0,FALSE,FALSE,FALSE,0.0,0.0,0.0
13,00:00:12,12,F,LAUNCH_PAD,0.4,28.9,101.4,3.9,0.1,11.2,-9.7,0.8,-9.5,-0.2,2.7,99.1,00:00:00,0.000000,0.000000,0.000000,0,N/A,1.0,FALSE,FALSE,FALSE,0.0,0.0,0.0
14,00:00:13,13,F,LAUNCH_PAD,0.6,28.9,101.4,3.9,0.1,-9.1,-10.6,3.9,-9.5,-0.1,2.7,98.8,00:00:01,0.000000,0.000000,0.000000,0,N/A,1.0,FALSE,FALSE,FALSE,0.0,0.0,0.0
15,00:00:14,14,F,LAUNCH_PAD,0.3,28.9,101.4,3.9,0.1,4.5,-5.9,10.1,-9.5,-0.2,2.5,98.1,00:00:02,0.000000,0.000000,0.000000,0,N/A,1.0,FALSE,FALSE,FALSE,0.0,0.0,0.0
16,00:00:15,15,F,LAUNCH_PAD,0.5,29.0,101.4,3.9,0.1,-94.3,60.8,31.0,-9.6,-0.0,2.8,41.7,00:00:03,0.000000,0.000000,0.000000,0,N/A,1.0,FALSE,FALSE,FALSE,0.0,0.0,0.0
17,00:00:16,16,F,LAUNCH_PAD,0.6,29.0,101.4,3.9,0.1,-74.0,19.3,24.1,-10.1,-0.2,3.1,27.1,00:00:04,0.000000,0.000000,0.000000,0,N/A,1.0,FALSE,FALSE,FALSE,0.0,0.0,0.0
18,00:00:17,17,F,LAUNCH_PAD,0.5,28.9,101.4,3.9,0.1,12.1,-7.8,10.6,-8.9,0.2,2.0,351.6,00:00:05,0.000000,0.000000,0.000000,0,N/A,1.0,FALSE,FALSE,FALSE,0.0,0.0,0.0
19,00:00:18,18,F,LAUNCH_PAD,0.6,28.9,101.4,3.9,0.1,8.8,-10.3,-27.2,-9.5,0.3,2.5,346.3,00:00:06,0.000000,0.000000,0.000000,0,N/A,1.0,FALSE,FALSE,FALSE,0.0,0.0,0.0
20,00:00:19,19,F,LAUNCH_PAD,0.1,29.0,101.4,3.9,0.1,1.4,-20.1,-16.1,-9.4,0.1,2.6,344.9,00:00:08,0.000000,0.000000,0.000000,0,N/A,1.0,FALSE,FALSE,FALSE,0.0,0.0,0.0
21,00:00:20,20,F,LAUNCH_PAD,-0.5,29.0,101.4,3.9,0.1,-9.2,-24.4,-13.1,-11.6,0.4,2.6,347.6,00:00:09,0.000000,0.000000,0.000000,0,N/A,1.0,FALSE,FALSE,FALSE,0.0,0.0,0.0
22,00:00:21,21,F,LAUNCH_PAD,-2.5,29.0,101.4,3.9,0.1,45.4,-25.6,-21.3,-10.3,3.0,3.6,336.6,00:00:10,0.000000,0.000000,0.000000,0,N/A,1.0,FALSE,FALSE,FALSE,0.0,0.0,0.0
23,00:00:22,22,F,LAUNCH_PAD,-0.0,29.0,101.4,3.9,0.1,-196.6,66.1,49.4,-5.9,-0.4,6.0,343.4,00:00:11,0.000000,0.000000,0.000000,0,N/A,1.0,FALSE,FALSE,FALSE,0.0,0.0,0.0
24,00:00:23,23,F,LAUNCH_PAD,2.4,28.9,101.4,3.9,0.1,134.1,-28.3,-3.0,-9.8,-1.4,3.3,345.0,00:00:12,0.000000,0.000000,0.000000,0,N/A,2.3,FALSE,FALSE,FALSE,0.0,0.0,0.0
25,00:00:24,24,F,LAUNCH_PAD,5.7,28.9,101.3,3.9,0.1,76.2,-19.1,13.0,-3.2,-3.2,8.2,356.8,00:00:13,0.000000,0.000000,0.000000,0,N/A,5.7,FALSE,FALSE,FALSE,0.0,0.0,0.0
26,00:00:25,25,F,LAUNCH_PAD,7.4,28.8,101.3,3.9,0.1,-25.6,17.6,46.7,-7.8,1.0,2.2,357.8,00:00:14,0.000000,0.000000,0.000000,0,N/A,7.4,FALSE,FALSE,FALSE,0.0,0.0,0.0
27,00:00:26,26,F,LAUNCH_PAD,9.9,28.8,101.3,3.9,0.1,44.2,13.1,-28.1,-10.6,-0.7,6.3,328.6,00:00:15,0.000000,0.000000,0.000000,0,N/A,9.9,FALSE,FALSE,FALSE,0.0,0.0,0.0
28,00:00:27,27,F,LAUNCH_PAD,13.2,28.8,101.2,3.9,0.1,-24.1,-37.4,8.7,-10.0,1.2,0.4,359.0,00:00:16,0.000000,0.000000,0.000000,0,N/A,12.9,FALSE,FALSE,FALSE,0.0,0.0,0.0
29,00:00:30,30,F,LAUNCH_PAD,21.5,28.7,101.1,3.9,0.1,50.5,-50.8,6.6,-10.9,-0.6,2.4,351.2,00:00:19,0.000000,0.000000,0.000000,0,N/A,21.4,FALSE,FALSE,FALSE,0.0,0.0,0.0
30,00:00:33,33,F,LAUNCH_PAD,27.4,28.6,101.1,3.9,0.1,-21.5,-36.8,18.3,-9.0,0.1,1.4,359.6,17:46:27,0.000000,0.000000,0.000000,0,N/A,27.4,FALSE,FALSE,FALSE,0.0,0.0,0.0
31,00:00:34,34,F,LAUNCH_PAD,27.5,28.5,101.1,3.9,0.1,-97.6,-33.8,-19.9,-8.6,-0.0,-0.0,353.4,17:46:28,0.000000,0.000000,0.000000,0,N/A,27.5,FALSE,FALSE,FALSE,0.0,0.0,0.0
32,00:00:35,35,F,LAUNCH_PAD,25.9,28.4,101.1,3.9,0.1,93.9,-3.4,14.1,-11.2,4.7,-0.9,356.2,17:46:29,0.000000,0.000000,0.000000,0,N/A,27.5,FALSE,FALSE,FALSE,0.0,0.0,0.0
33,00:00:36,36,F,LAUNCH_PAD,21.9,28.4,101.1,3.9,0.1,-53.6,10.4,56.2,-9.9,0.4,1.9,359.4,17:46:30,0.000000,0.000000,0.000000,0,N/A,27.5,FALSE,FALSE,FALSE,0.0,0.0,0.0
34,00:00:37,37,F,PROBE_RELEASE,19.7,28.4,101.2,3.9,0.1,104.8,18.6,1.2,-5.4,3.2,5.4,319.4,17:46:31,0.000000,0.000000,0.000000,0,DROP!!!,27.5,TRUE,FALSE,TRUE,0.0,0.0,0.0
35,00:00:38,38,F,PROBE_RELEASE,15.7,28.4,101.2,3.9,0.1,-80.7,35.6,-16.5,-13.6,2.6,5.0,318.2,17:46:32,0.000000,0.000000,0.000000,0,DROP!!!,27.5,TRUE,FALSE,TRUE,0.0,0.0,0.0
36,00:00:39,39,F,PROBE_RELEASE,14.7,28.4,101.2,3.9,0.1,-8.3,-14.2,-3.0,-12.4,-1.3,-1.5,336.3,17:46:33,0.000000,0.000000,0.000000,0,DROP!!!,27.5,TRUE,FALSE,TRUE,0.0,0.0,0.0
37,00:00:43,42,F,LANDED,35.3,28.1,100.9,3.9,0.1,27.2,32.1,-20.3,-10.7,-0.3,2.8,348.8,17:46:37,0.000000,0.000000,0.000000,0,DROP!!!,31.1,TRUE,TRUE,FALSE,0.0,0.0,0.0
38,00:00:50,49,F,LANDED,115.7,27.3,100.0,3.9,0.1,28.1,-100.6,-98.9,-9.2,-0.3,-0.5,312.1,17:46:44,0.000000,0.000000,0.000000,0,DROP!!!,118.8,TRUE,TRUE,FALSE,0.0,0.0,0.0
39,00:00:51,50,F,LANDED,107.9,27.1,100.1,3.9,0.2,-443.2,-270.6,-48.2,-8.4,-1.7,0.7,211.8,17:46:45,0.000000,0.000000,0.000000,0,DROP!!!,118.8,TRUE,TRUE,FALSE,0.0,0.0,0.0
