PACKET_COUNT,TEAM_ID,MISSION_TIME,MODE,STATE,ALTITUDE,TEMPERATURE,PRESSURE,VOLTAGE,CURRENT,GYRO_R,GYRO_P,GYRO_Y,ACCEL_R,ACCEL_P,ACCEL_Y,HEADING,GPS_TIME,GPS_ALTITUDE,GPS_LATITUDE,GPS_LONGITUDE,GPS_SATS,CMD_ECHO,MAX_ALTITUDE,CONTAINER_RELEASED,PAYLOAD_RELEASED,PARAGLIDER_ACTIVE,TARGET_LATITUDE,TARGET_LONGITUDE,CAM_DIRECTION
1,00:00:01,1,F,LAUNCH_PAD,0.5,27.3,101.4,3.9,0.1,-15.9,-15.1,-14.6,-3.9,-4.2,7.9,179.9,17:24:41,0.000000,0.000000,0.000000,0,N/A,0.5,FALSE,FALSE,FALSE,0.0,0.0,0.0
2,00:00:02,2,F,LAUNCH_PAD,-0.4,27.3,101.4,3.9,0.1,-16.1,-4.2,-3.8,-2.6,-6.9,6.5,165.1,17:24:42,0.000000,0.000000,0.000000,0,N/A,0.5,FALSE,FALSE,FALSE,0.0,0.0,0.0
3,00:00:03,3,F,LAUNCH_PAD,-0.2,27.3,101.4,3.9,0.1,-2.6,14.6,6.0,-3.7,-6.5,6.1,164.8,17:24:43,0.000000,0.000000,0.000000,0,N/A,0.5,FALSE,FALSE,FALSE,0.0,0.0,0.0
4,00:00:04,4,F,LAUNCH_PAD,0.1,27.3,101.4,3.9,0.1,-0.6,-6.8,17.3,-4.3,-6.9,5.2,163.7,17:24:44,56.400002,33.385406,-117.495529,4,N/A,0.5,FALSE,FALSE,FALSE,0.0,0.0,0.0
5,00:00:05,5,F,LAUNCH_PAD,0.5,27.3,101.4,3.9,0.1,23.6,6.6,12.9,-4.0,-8.0,5.2,249.8,17:24:45,56.400002,33.385406,-117.495522,4,N/A,0.5,FALSE,FALSE,FALSE,0.0,0.0,0.0
6,00:00:06,6,F,LAUNCH_PAD,0.4,27.4,101.4,3.9,0.1,16.0,-1.5,5.8,-3.4,-6.8,5.8,168.4,17:24:46,56.400002,33.385406,-117.495506,4,N/A,0.6,FALSE,FALSE,FALSE,0.0,0.0,0.0
7,00:00:07,7,F,LAUNCH_PAD,0.1,27.4,101.4,3.9,0.1,-0.2,-2.6,4.9,-3.9,-6.0,6.6,172.1,17:24:47,56.299999,33.385403,-117.495483,4,N/A,0.6,FALSE,FALSE,FALSE,0.0,0.0,0.0
8,00:00:08,8,F,LAUNCH_PAD,0.1,27.4,101.4,3.9,0.1,18.2,-8.2,-14.0,-0.8,-5.3,8.9,179.2,17:24:48,56.299999,33.385399,-117.495453,4,N/A,0.6,FALSE,FALSE,FALSE,0.0,0.0,0.0
9,00:00:09,9,F,LAUNCH_PAD,0.1,27.4,101.4,3.9,0.1,-4.9,1.3,-4.5,-3.5,-4.9,7.4,176.3,17:24:49,56.299999,33.385410,-117.495461,5,N/A,0.6,FALSE,FALSE,FALSE,0.0,0.0,0.0
10,00:00:10,10,F,LAUNCH_PAD,0.9,27.4,101.4,3.9,0.1,-2.6,18.5,-3.0,-2.9,-4.9,7.5,177.9,17:24:51,56.400002,33.385410,-117.495468,4,N/A,0.9,FALSE,FALSE,FALSE,0.0,0.0,0.0
11,00:00:11,11,F,LAUNCH_PAD,1.5,27.4,101.4,3.9,0.1,-0.4,7.2,-1.5,-3.1,-5.8,7.4,175.4,17:24:52,56.400002,33.385414,-117.495476,4,N/A,1.8,FALSE,FALSE,FALSE,0.0,0.0,0.0
12,00:00:12,12,F,LAUNCH_PAD,0.4,27.4,101.4,3.9,0.1,61.2,-15.3,27.0,-4.6,-2.2,8.1,188.2,17:24:53,56.400002,33.385418,-117.495483,4,N/A,1.8,FALSE,FALSE,FALSE,0.0,0.0,0.0
13,00:00:13,13,F,LAUNCH_PAD,0.2,27.4,101.4,3.9,0.1,-26.1,29.8,-15.8,-4.3,6.4,5.1,158.7,17:24:54,56.400002,33.385426,-117.495499,4,N/A,1.8,FALSE,FALSE,FALSE,0.0,0.0,0.0
14,00:00:14,14,F,LAUNCH_PAD,0.1,27.5,101.4,3.9,0.1,19.6,-1.2,-16.7,-5.2,5.8,5.7,253.9,17:24:55,56.400002,33.385433,-117.495506,5,N/A,1.8,FALSE,FALSE,FALSE,0.0,0.0,0.0
15,00:00:16,15,F,LAUNCH_PAD,0.3,27.5,101.4,3.9,0.1,64.2,0.6,-9.4,-6.5,4.3,5.0,261.4,17:24:56,56.400002,33.385441,-117.495506,4,MECPAYLOADON,1.8,FALSE,TRUE,FALSE,0.0,0.0,0.0
16,00:00:17,16,F,LAUNCH_PAD,0.1,27.6,101.4,3.9,0.1,-0.2,2.4,2.1,-7.2,4.6,-4.4,328.1,17:24:58,56.400002,33.385464,-117.495514,4,MECPAYLOADON,1.8,FALSE,TRUE,FALSE,0.0,0.0,0.0
17,00:00:18,17,F,LAUNCH_PAD,0.0,27.6,101.4,3.9,0.1,-8.2,-4.4,-7.6,-6.4,5.3,-5.7,330.6,17:24:59,56.400002,33.385475,-117.495514,4,MECPAYLOADON,1.8,FALSE,TRUE,FALSE,0.0,0.0,0.0
18,00:00:19,18,F,LAUNCH_PAD,-0.4,27.6,101.4,3.9,0.1,8.2,1.4,1.9,-6.1,4.4,-5.8,332.5,17:25:00,56.400002,33.385483,-117.495506,4,MECPAYLOADON,1.8,FALSE,TRUE,FALSE,0.0,0.0,0.0
19,00:00:20,19,F,LAUNCH_PAD,-0.1,27.6,101.4,3.9,0.1,8.2,4.9,-3.8,-5.0,4.2,-6.1,331.6,17:25:01,56.400002,33.385487,-117.495514,4,MECPAYLOADON,1.8,FALSE,TRUE,FALSE,0.0,0.0,0.0
20,00:00:21,20,F,LAUNCH_PAD,-0.6,27.7,101.4,3.9,0.1,2.3,7.1,0.4,-5.7,4.2,-6.5,331.6,17:25:02,56.400002,33.385487,-117.495514,4,MECPAYLOADON,1.8,FALSE,TRUE,FALSE,0.0,0.0,0.0
21,00:00:22,21,F,LAUNCH_PAD,-0.3,27.7,101.4,3.9,0.1,10.1,4.9,5.5,-6.0,4.7,-5.5,328.0,17:25:03,56.500000,33.385502,-117.495522,4,MECPAYLOADON,1.8,FALSE,TRUE,FALSE,0.0,0.0,0.0
22,00:00:23,22,F,LAUNCH_PAD,-0.5,27.7,101.4,3.9,0.1,-25.2,-43.5,2.4,-7.8,6.3,-7.4,331.1,17:25:04,56.500000,33.385506,-117.495529,4,MECPAYLOADON,1.8,FALSE,TRUE,FALSE,0.0,0.0,0.0
23,00:00:24,23,F,LAUNCH_PAD,0.3,27.7,101.4,3.9,0.1,16.2,46.2,0.8,-6.5,6.0,-4.5,217.0,17:25:05,56.500000,33.385509,-117.495537,6,MECPAYLOADON,1.8,FALSE,TRUE,FALSE,0.0,0.0,0.0
24,00:00:25,24,F,LAUNCH_PAD,-0.7,27.7,101.4,3.9,0.1,-7.7,-5.8,-3.2,-7.7,6.1,-3.9,220.8,17:25:06,56.500000,33.385521,-117.495544,6,MECPAYLOADON,1.8,FALSE,TRUE,FALSE,0.0,0.0,0.0
25,00:00:26,25,F,LAUNCH_PAD,0.5,27.7,101.4,3.9,0.1,3.1,32.1,-16.9,-6.2,5.8,-3.8,222.4,17:25:07,56.500000,33.385525,-117.495552,6,MECPAYLOADON,1.8,FALSE,TRUE,FALSE,0.0,0.0,0.0
26,00:00:27,26,F,LAUNCH_PAD,-0.0,27.8,101.4,3.9,0.1,0.6,4.7,-1.1,-6.4,4.4,-5.1,224.3,17:25:08,56.500000,33.385536,-117.495560,6,MECPAYLOADON,1.8,FALSE,TRUE,FALSE,0.0,0.0,0.0
27,00:00:28,27,F,LAUNCH_PAD,-0.4,27.8,101.4,3.9,0.1,-9.7,-9.5,-0.9,-6.3,4.7,-5.7,222.6,17:25:09,56.500000,33.385536,-117.495560,6,MECPAYLOADON,1.8,FALSE,TRUE,FALSE,0.0,0.0,0.0
28,00:00:29,28,F,LAUNCH_PAD,0.1,27.8,101.4,3.9,0.1,6.4,7.9,-1.2,-6.9,4.4,-5.8,227.2,17:25:10,56.500000,33.385536,-117.495560,5,MECPAYLOADON,1.8,FALSE,TRUE,FALSE,0.0,0.0,0.0
29,00:00:30,29,F,LAUNCH_PAD,0.3,27.9,101.4,3.9,0.1,-5.2,-2.8,8.6,-6.3,5.1,-5.5,223.5,17:25:11,56.500000,33.385540,-117.495560,5,MECPAYLOADON,1.8,FALSE,TRUE,FALSE,0.0,0.0,0.0
30,00:00:31,30,F,LAUNCH_PAD,0.3,27.9,101.4,3.9,0.1,12.4,-16.0,-1.9,-7.6,4.7,-3.9,223.2,17:25:12,56.500000,33.385544,-117.495560,5,MECPAYLOADON,1.8,FALSE,TRUE,FALSE,0.0,0.0,0.0
31,00:00:32,31,F,LAUNCH_PAD,-0.2,27.9,101.4,3.9,0.1,-2.8,2.8,-0.7,-6.7,4.8,-4.8,225.9,17:25:13,56.500000,33.385544,-117.495560,5,MECPAYLOADON,1.8,FALSE,TRUE,FALSE,0.0,0.0,0.0
32,00:00:33,32,F,LAUNCH_PAD,-0.2,27.9,101.4,3.9,0.1,-12.2,13.8,-10.6,-5.9,4.6,-5.8,227.2,17:25:14,56.500000,33.385548,-117.495560,5,MECPAYLOADON,1.8,FALSE,TRUE,FALSE,0.0,0.0,0.0
33,00:00:34,33,F,LAUNCH_PAD,0.4,27.9,101.4,3.9,0.1,-15.4,-42.9,-13.9,-5.5,3.8,-6.2,224.9,17:25:15,56.500000,33.385551,-117.495560,5,MECPAYLOADON,1.8,FALSE,TRUE,FALSE,0.0,0.0,0.0
34,00:00:35,34,F,LAUNCH_PAD,1.0,27.9,101.4,3.9,0.1,32.1,15.7,8.8,-3.8,7.6,-4.5,132.9,17:25:16,56.500000,33.385559,-117.495560,5,MECPAYLOADON,1.8,FALSE,TRUE,FALSE,0.0,0.0,0.0
35,00:00:36,35,F,LAUNCH_PAD,0.4,28.0,101.4,3.9,0.1,-15.9,0.3,1.4,-5.3,7.8,-3.8,134.0,17:25:17,56.500000,33.385563,-117.495560,5,MECPAYLOADON,1.8,FALSE,TRUE,FALSE,0.0,0.0,0.0
36,00:00:37,36,F,LAUNCH_PAD,0.4,28.0,101.4,3.9,0.1,-3.6,-3.8,-5.8,-3.5,8.4,-3.6,126.7,17:25:18,56.500000,33.385567,-117.495567,5,MECPAYLOADOFF,1.8,FALSE,FALSE,FALSE,0.0,0.0,0.0
37,00:00:38,37,F,LAUNCH_PAD,-0.4,28.0,101.4,3.9,0.4,14.8,-44.4,3.1,2.4,9.0,-1.1,112.9,17:25:20,56.599998,33.385567,-117.495567,5,MECPAYLOADOFF,1.8,FALSE,FALSE,FALSE,0.0,0.0,0.0
38,00:00:39,38,F,LAUNCH_PAD,0.3,28.0,101.4,3.8,0.1,3.1,5.8,-12.6,1.4,9.5,-0.9,105.0,17:25:21,56.599998,33.385563,-117.495567,5,MECPAYLOADOFF,1.8,FALSE,FALSE,FALSE,0.0,0.0,0.0
39,00:00:40,39,F,LAUNCH_PAD,-0.1,28.0,101.4,3.9,0.2,-31.8,-23.6,-11.4,-1.4,8.4,1.4,109.4,17:25:22,56.599998,33.385551,-117.495567,5,MECPAYLOADOFF,1.8,FALSE,FALSE,FALSE,0.0,0.0,0.0
40,00:00:41,40,F,LAUNCH_PAD,0.8,28.1,101.4,3.8,0.3,-0.7,-1.5,1.5,-0.6,8.8,2.4,106.5,17:25:23,56.599998,33.385551,-117.495567,5,MECPAYLOADOFF,1.8,FALSE,FALSE,FALSE,0.0,0.0,0.0
41,00:00:42,41,F,LAUNCH_PAD,-0.5,28.1,101.4,3.9,0.2,115.1,-0.3,6.1,-2.6,8.2,-0.1,119.6,17:25:24,56.599998,33.385559,-117.495567,5,MECPAYLOADOFF,1.8,FALSE,FALSE,FALSE,0.0,0.0,0.0
42,00:00:43,42,F,LAUNCH_PAD,-0.4,28.1,101.4,3.9,0.2,-12.7,27.8,-3.3,-1.5,8.8,-2.2,107.4,17:25:25,56.599998,33.385563,-117.495567,5,MECPAYLOADOFF,1.8,FALSE,FALSE,FALSE,0.0,0.0,0.0
43,00:00:44,43,F,LAUNCH_PAD,0.0,28.1,101.4,3.9,0.2,-40.1,7.3,-5.8,-3.5,7.6,-3.5,106.8,17:25:26,56.599998,33.385567,-117.495560,5,MECPAYLOADOFF,1.8,FALSE,FALSE,FALSE,0.0,0.0,0.0
44,00:00:45,44,F,LAUNCH_PAD,0.3,28.1,101.4,3.9,0.1,-15.6,-8.3,11.4,-4.2,7.5,-2.9,97.6,17:25:27,56.599998,33.385555,-117.495544,5,MECPAYLOADOFF,1.8,FALSE,FALSE,FALSE,0.0,0.0,0.0
45,00:00:46,45,F,LAUNCH_PAD,0.3,28.1,101.4,3.9,0.1,-43.7,-84.8,184.1,-7.6,6.2,1.3,144.2,17:25:28,56.500000,33.385548,-117.495544,5,MECPAYLOADOFF,1.8,FALSE,FALSE,FALSE,0.0,0.0,0.0
46,00:00:47,46,F,LAUNCH_PAD,0.1,28.2,101.4,3.9,0.2,-16.9,-14.2,-17.2,-5.6,-1.6,6.5,95.9,17:25:29,56.599998,33.385529,-117.495544,5,MECPAYLOADOFF,1.8,FALSE,FALSE,FALSE,0.0,0.0,0.0
47,00:00:48,47,F,LAUNCH_PAD,0.9,28.2,101.4,3.8,0.2,-4.1,14.1,8.7,-4.7,-6.6,5.9,66.2,17:25:30,56.700001,33.385532,-117.495544,6,MECPAYLOADOFF,1.8,FALSE,FALSE,FALSE,0.0,0.0,0.0
48,00:00:49,48,F,LAUNCH_PAD,-0.1,28.2,101.4,3.9,0.2,24.7,80.2,12.3,-7.7,0.5,5.6,102.1,17:25:31,56.700001,33.385532,-117.495544,6,MECPAYLOADOFF,1.8,FALSE,FALSE,FALSE,0.0,0.0,0.0
49,00:00:50,49,F,LAUNCH_PAD,0.2,28.2,101.4,3.9,0.2,43.1,9.4,-1.8,-9.1,0.0,3.9,105.3,17:25:32,56.700001,33.385521,-117.495544,6,MECPAYLOADOFF,1.8,FALSE,FALSE,FALSE,0.0,0.0,0.0
50,00:00:51,50,F,LAUNCH_PAD,0.5,28.2,101.4,3.9,0.1,109.1,-9.1,-25.5,-9.0,1.5,4.4,149.1,17:25:33,56.700001,33.385513,-117.495544,6,MECPAYLOADOFF,1.8,FALSE,FALSE,FALSE,0.0,0.0,0.0
51,00:00:52,51,F,LAUNCH_PAD,0.3,28.2,101.4,3.9,0.1,17.8,-12.4,-43.8,-8.4,-0.9,1.1,231.2,17:25:34,56.799999,33.385513,-117.495544,6,MECPAYLOADOFF,1.8,FALSE,FALSE,FALSE,0.0,0.0,0.0
52,00:00:53,52,F,LAUNCH_PAD,-0.4,28.2,101.4,3.9,0.1,116.0,-14.2,-20.8,-10.9,-0.8,3.5,173.5,17:25:35,56.799999,33.385502,-117.495552,6,MECPAYLOADOFF,1.8,FALSE,FALSE,FALSE,0.0,0.0,0.0
53,00:00:54,53,F,LAUNCH_PAD,-0.5,28.3,101.4,3.9,0.2,-81.4,20.2,79.8,-9.2,-0.4,2.8,152.9,17:25:36,56.799999,33.385494,-117.495552,6,MECPAYLOADOFF,1.8,FALSE,FALSE,FALSE,0.0,0.0,0.0
54,00:00:55,54,F,LAUNCH_PAD,-0.6,28.3,101.4,3.9,0.2,-33.2,-24.3,-17.1,-9.4,-0.0,2.6,76.1,17:25:37,56.799999,33.385494,-117.495560,6,MECPAYLOADOFF,1.8,FALSE,FALSE,FALSE,0.0,0.0,0.0
55,00:00:56,55,F,LAUNCH_PAD,-0.1,28.3,101.4,3.9,0.2,32.6,20.1,2.6,-9.4,0.2,3.1,112.4,17:25:38,56.799999,33.385490,-117.495560,6,MECPAYLOADOFF,1.8,FALSE,FALSE,FALSE,0.0,0.0,0.0
56,00:00:57,56,F,LAUNCH_PAD,0.2,28.3,101.4,3.9,0.1,47.6,-8.3,-7.7,-12.0,-0.7,1.5,126.6,17:25:39,56.900002,33.385490,-117.495560,6,MECPAYLOADOFF,1.8,FALSE,FALSE,FALSE,0.0,0.0,0.0
57,00:00:58,57,F,LAUNCH_PAD,0.2,28.3,101.4,3.8,0.4,-35.4,21.3,26.3,-10.4,-0.7,3.2,144.7,17:25:40,56.900002,33.385487,-117.495560,6,MECPAYLOADOFF,1.8,FALSE,FALSE,FALSE,0.0,0.0,0.0
58,00:00:59,58,F,LAUNCH_PAD,0.1,28.3,101.4,3.9,0.2,-41.9,-17.6,-35.2,-7.9,-0.8,2.6,111.8,17:25:41,56.799999,33.385475,-117.495560,6,MECPAYLOADOFF,1.8,FALSE,FALSE,FALSE,0.0,0.0,0.0
59,00:01:00,59,F,LAUNCH_PAD,0.7,28.3,101.4,3.9,0.1,23.9,16.7,3.8,-6.5,-7.0,3.0,79.0,17:25:42,56.799999,33.385464,-117.495560,6,MECPAYLOADOFF,1.8,FALSE,FALSE,FALSE,0.0,0.0,0.0
60,00:01:01,60,F,LAUNCH_PAD,0.5,28.3,101.4,3.9,0.1,20.2,1.8,-9.0,-6.3,-1.3,6.8,134.3,17:25:43,56.799999,33.385456,-117.495560,6,MECPAYLOADOFF,1.8,FALSE,FALSE,FALSE,0.0,0.0,0.0
61,00:01:02,61,F,LAUNCH_PAD,0.4,28.3,101.4,3.9,0.2,-52.3,107.6,17.1,-8.6,-0.6,1.5,152.0,17:25:44,56.900002,33.385456,-117.495567,6,MECPAYLOADOFF,1.8,FALSE,FALSE,FALSE,0.0,0.0,0.0
62,00:01:03,62,F,LAUNCH_PAD,0.0,28.4,101.4,3.9,0.1,-80.5,24.1,-12.1,-10.7,-0.1,3.5,146.6,17:25:45,56.900002,33.385452,-117.495560,6,MECPAYLOADOFF,1.8,FALSE,FALSE,FALSE,0.0,0.0,0.0
63,00:01:04,63,F,LAUNCH_PAD,0.1,28.4,101.4,3.9,0.2,34.8,2.3,10.3,-9.1,-0.3,2.5,102.2,17:25:46,56.900002,33.385452,-117.495560,6,MECPAYLOADOFF,1.8,FALSE,FALSE,FALSE,0.0,0.0,0.0
64,00:01:05,64,F,LAUNCH_PAD,-0.3,28.4,101.4,3.9,0.2,-6.8,10.7,-2.2,-8.1,0.7,2.2,81.9,17:25:47,56.900002,33.385452,-117.495560,6,MECPAYLOADOFF,1.8,FALSE,FALSE,FALSE,0.0,0.0,0.0
65,00:01:06,65,F,LAUNCH_PAD,-0.7,28.4,101.4,3.9,0.1,34.0,-7.4,-16.1,-9.2,-0.6,2.0,110.8,17:25:48,56.900002,33.385448,-117.495560,6,MECPAYLOADOFF,1.8,FALSE,FALSE,FALSE,0.0,0.0,0.0
66,00:01:07,66,F,LAUNCH_PAD,0.3,28.4,101.4,3.9,0.1,11.2,1.7,-5.2,-10.8,-0.4,2.4,100.3,17:25:49,56.900002,33.385433,-117.495552,6,MECPAYLOADOFF,1.8,FALSE,FALSE,FALSE,0.0,0.0,0.0
67,00:01:08,67,F,LAUNCH_PAD,-0.3,28.4,101.4,3.9,0.1,16.8,39.4,-28.6,-9.7,-0.2,2.5,144.2,17:25:50,57.000000,33.385437,-117.495552,6,MECPAYLOADOFF,1.8,FALSE,FALSE,FALSE,0.0,0.0,0.0
68,00:01:09,68,F,LAUNCH_PAD,-0.3,28.4,101.4,3.9,0.1,102.6,27.2,-51.6,-8.6,0.4,-1.8,223.3,17:25:52,57.099998,33.385456,-117.495560,5,MECPAYLOADOFF,1.8,FALSE,FALSE,FALSE,0.0,0.0,0.0
69,00:01:10,69,F,LAUNCH_PAD,-0.6,28.4,101.4,3.9,0.1,-99.2,-35.6,-77.2,-5.0,0.4,2.8,243.9,17:25:53,57.200001,33.385448,-117.495560,5,MECPAYLOADOFF,1.8,FALSE,FALSE,FALSE,0.0,0.0,0.0
70,00:01:11,70,F,LAUNCH_PAD,-0.3,28.4,101.4,3.9,0.1,-62.2,15.4,59.3,-9.7,-0.1,0.0,206.5,17:25:53,57.200001,33.385448,-117.495560,5,MECPAYLOADOFF,1.8,FALSE,FALSE,FALSE,0.0,0.0,0.0
71,00:01:12,71,F,LAUNCH_PAD,0.5,28.4,101.4,3.9,0.2,-19.7,-18.9,-9.2,-5.6,5.9,-5.9,216.8,17:25:54,57.299999,33.385441,-117.495560,6,MECPAYLOADOFF,1.8,FALSE,FALSE,FALSE,0.0,0.0,0.0
72,00:01:13,72,F,LAUNCH_PAD,0.1,28.4,101.4,3.9,0.2,4.4,-13.9,5.1,-6.5,4.4,-6.1,212.4,17:25:55,57.299999,33.385437,-117.495560,6,MECPAYLOADOFF,1.8,FALSE,FALSE,FALSE,0.0,0.0,0.0
73,00:01:14,73,F,LAUNCH_PAD,0.1,28.5,101.4,3.9,0.1,-3.8,-21.9,-14.0,-9.3,2.1,-0.5,189.0,17:25:56,57.299999,33.385429,-117.495560,6,MECPAYLOADOFF,1.8,FALSE,FALSE,FALSE,0.0,0.0,0.0
74,00:01:15,74,F,LAUNCH_PAD,0.2,28.5,101.4,3.9,0.2,-0.6,6.8,-1.8,-9.2,1.3,3.2,171.2,17:25:57,57.400002,33.385437,-117.495560,6,MECPAYLOADOFF,1.8,FALSE,FALSE,FALSE,0.0,0.0,0.0
75,00:01:16,75,F,LAUNCH_PAD,1.2,28.5,101.4,3.9,0.2,11.6,0.4,3.4,-9.7,2.3,1.9,174.7,17:25:58,57.400002,33.385437,-117.495560,6,MECPAYLOADOFF,1.8,FALSE,FALSE,FALSE,0.0,0.0,0.0
76,00:01:17,76,F,LAUNCH_PAD,0.4,28.5,101.4,3.9,0.2,53.0,96.5,31.8,-6.0,3.0,-6.7,80.4,17:25:59,57.500000,33.385448,-117.495560,6,MECPAYLOADOFF,1.8,FALSE,FALSE,FALSE,0.0,0.0,0.0
77,00:01:18,77,F,LAUNCH_PAD,0.1,28.5,101.4,3.9,0.2,-20.2,-35.8,-29.9,-8.4,3.2,-2.2,169.6,17:26:00,57.500000,33.385448,-117.495560,6,MECPAYLOADOFF,1.8,FALSE,FALSE,FALSE,0.0,0.0,0.0
78,00:01:19,78,F,LAUNCH_PAD,0.8,28.5,101.4,3.9,0.1,35.1,2.8,3.5,-9.1,1.7,-3.7,206.6,17:26:01,57.500000,33.385445,-117.495560,6,MECPAYLOADOFF,1.8,FALSE,FALSE,FALSE,0.0,0.0,0.0
79,00:01:20,79,F,LAUNCH_PAD,0.3,28.5,101.4,3.9,0.1,9.1,24.4,2.1,-8.9,1.9,-3.7,217.0,17:26:02,57.500000,33.385437,-117.495560,6,MECPAYLOADOFF,1.8,FALSE,FALSE,FALSE,0.0,0.0,0.0
80,00:01:21,80,F,LAUNCH_PAD,0.1,28.5,101.4,3.9,0.1,42.8,22.3,77.6,-8.4,1.5,-7.4,260.3,17:26:03,57.599998,33.385433,-117.495552,6,MECPAYLOADOFF,1.8,FALSE,FALSE,FALSE,0.0,0.0,0.0
81,00:01:22,81,F,LAUNCH_PAD,0.8,28.5,101.4,3.9,0.1,-70.2,7.3,-64.7,-7.8,3.4,-4.1,248.9,17:26:04,57.599998,33.385433,-117.495552,6,MECPAYLOADOFF,1.8,FALSE,FALSE,FALSE,0.0,0.0,0.0
82,00:01:23,82,F,LAUNCH_PAD,0.4,28.6,101.4,3.9,0.1,-5.0,-56.0,33.1,-8.3,3.3,-3.3,209.0,17:26:05,57.700001,33.385437,-117.495544,6,MECPAYLOADOFF,1.8,FALSE,FALSE,FALSE,0.0,0.0,0.0
83,00:01:24,83,F,LAUNCH_PAD,0.9,28.6,101.4,3.9,0.1,-45.5,-27.6,-11.8,-9.3,3.1,0.2,226.9,17:26:06,57.700001,33.385429,-117.495552,6,MECPAYLOADOFF,1.8,FALSE,FALSE,FALSE,0.0,0.0,0.0
84,00:01:25,84,F,LAUNCH_PAD,0.7,28.6,101.4,3.9,0.1,-28.7,8.6,-6.2,-8.1,0.1,5.1,192.0,17:26:07,57.799999,33.385429,-117.495552,6,MECPAYLOADOFF,1.8,FALSE,FALSE,FALSE,0.0,0.0,0.0
85,00:01:26,85,F,LAUNCH_PAD,0.6,28.6,101.4,3.9,0.1,32.8,-7.2,18.3,-10.7,-0.8,-1.8,223.0,17:26:08,57.900002,33.385426,-117.495552,6,MECPAYLOADOFF,1.8,FALSE,FALSE,FALSE,0.0,0.0,0.0
86,00:01:27,86,F,LAUNCH_PAD,0.0,28.6,101.4,3.9,0.1,13.3,-2.6,3.9,-9.7,-0.3,-0.0,211.2,17:26:09,58.000000,33.385433,-117.495560,6,MECPAYLOADOFF,1.8,FALSE,FALSE,FALSE,0.0,0.0,0.0
87,00:01:28,87,F,LAUNCH_PAD,0.6,28.6,101.4,3.9,0.1,-10.8,-31.2,39.5,-10.8,-0.2,0.2,231.6,17:26:10,58.200001,33.385426,-117.495560,6,MECPAYLOADOFF,1.8,FALSE,FALSE,FALSE,0.0,0.0,0.0
88,00:01:29,88,F,LAUNCH_PAD,-0.1,28.6,101.4,3.9,0.1,-25.1,23.4,12.2,-10.2,-0.6,0.4,222.4,17:26:12,58.500000,33.385418,-117.495560,6,MECPAYLOADOFF,1.8,FALSE,FALSE,FALSE,0.0,0.0,0.0
89,00:01:30,89,F,LAUNCH_PAD,0.4,28.6,101.4,3.9,0.1,-24.8,0.6,7.0,-9.2,0.2,0.7,219.9,17:26:13,58.599998,33.385410,-117.495560,6,MECPAYLOADOFF,1.8,FALSE,FALSE,FALSE,0.0,0.0,0.0
90,00:01:31,90,F,LAUNCH_PAD,0.5,28.6,101.4,3.9,0.2,-46.3,-4.8,-24.6,-9.8,-0.2,1.0,194.9,17:26:14,58.599998,33.385422,-117.495560,6,MECPAYLOADOFF,1.8,FALSE,FALSE,FALSE,0.0,0.0,0.0
91,00:01:32,91,F,LAUNCH_PAD,0.5,28.6,101.4,3.9,0.1,-29.9,8.6,11.0,-9.8,-0.4,-0.4,157.9,17:26:15,58.700001,33.385422,-117.495560,5,MECPAYLOADOFF,1.8,FALSE,FALSE,FALSE,0.0,0.0,0.0
92,00:01:33,92,F,LAUNCH_PAD,0.5,28.6,101.4,3.9,0.2,53.5,9.4,7.7,-9.2,-0.2,-0.5,158.4,17:26:16,58.599998,33.385429,-117.495560,5,MECPAYLOADOFF,1.8,FALSE,FALSE,FALSE,0.0,0.0,0.0
93,00:01:34,93,F,LAUNCH_PAD,0.9,28.6,101.4,3.9,0.2,-17.4,35.1,-23.6,-10.4,-0.1,0.2,184.9,17:26:17,58.700001,33.385433,-117.495560,5,MECPAYLOADOFF,1.8,FALSE,FALSE,FALSE,0.0,0.0,0.0
94,00:01:35,94,F,LAUNCH_PAD,0.3,28.6,101.4,3.9,0.1,-18.1,17.0,-11.6,-9.5,-0.4,-0.1,190.7,17:26:18,58.700001,33.385433,-117.495560,5,MECPAYLOADOFF,1.8,FALSE,FALSE,FALSE,0.0,0.0,0.0
95,00:01:36,95,F,LAUNCH_PAD,0.7,28.7,101.4,3.9,0.1,20.6,-16.9,-3.2,-10.3,-0.7,0.1,185.4,17:26:19,58.799999,33.385437,-117.495560,5,MECPAYLOADOFF,1.8,FALSE,FALSE,FALSE,0.0,0.0,0.0
96,00:01:37,96,F,LAUNCH_PAD,0.4,28.7,101.4,3.9,0.2,-4.4,0.3,8.6,-9.7,-0.4,0.2,186.4,17:26:20,58.799999,33.385433,-117.495552,5,MECPAYLOADOFF,1.8,FALSE,FALSE,FALSE,0.0,0.0,0.0
97,00:01:38,97,F,LAUNCH_PAD,0.8,28.7,101.4,3.9,0.1,-0.2,-10.8,8.5,-10.1,-0.4,-0.1,182.3,17:26:21,58.799999,33.385433,-117.495552,5,MECPAYLOADOFF,1.8,FALSE,FALSE,FALSE,0.0,0.0,0.0
98,00:01:39,98,F,LAUNCH_PAD,0.1,28.7,101.4,3.9,0.1,29.6,19.4,-25.7,-9.3,-0.3,-1.7,195.8,17:26:22,58.599998,33.385445,-117.495544,5,MECPAYLOADOFF,1.8,FALSE,FALSE,FALSE,0.0,0.0,0.0
99,00:01:40,99,F,LAUNCH_PAD,1.3,28.7,101.4,3.9,0.1,-39.9,-2.9,15.1,-10.0,0.1,-1.2,270.8,17:26:23,58.500000,33.385445,-117.495544,5,MECPAYLOADOFF,1.8,FALSE,FALSE,FALSE,0.0,0.0,0.0
100,00:01:41,100,F,LAUNCH_PAD,0.1,28.7,101.4,3.9,0.2,-3.2,2.1,13.2,-10.1,0.1,-1.6,243.1,17:26:24,58.500000,33.385445,-117.495552,5,MECPAYLOADOFF,1.8,FALSE,FALSE,FALSE,0.0,0.0,0.0
101,00:01:42,101,F,LAUNCH_PAD,0.3,28.7,101.4,3.9,0.1,-27.2,-12.8,-6.6,-9.6,0.1,-1.6,243.2,17:26:25,58.400002,33.385445,-117.495544,5,MECPAYLOADOFF,1.8,FALSE,FALSE,FALSE,0.0,0.0,0.0
102,00:01:43,102,F,LAUNCH_PAD,0.2,28.7,101.4,3.9,0.1,23.8,-15.6,-3.4,-9.3,0.8,-0.7,237.9,17:26:26,58.400002,33.385441,-117.495544,5,MECPAYLOADOFF,1.8,FALSE,FALSE,FALSE,0.0,0.0,0.0
103,00:01:44,103,F,LAUNCH_PAD,0.2,28.7,101.4,3.9,0.1,-58.0,18.8,-51.3,-9.8,0.6,-0.3,246.1,17:26:27,58.400002,33.385437,-117.495544,5,MECPAYLOADOFF,1.8,FALSE,FALSE,FALSE,0.0,0.0,0.0
104,00:01:45,104,F,LAUNCH_PAD,0.0,28.7,101.4,3.9,0.1,-44.2,8.4,8.8,-10.4,-0.6,0.5,250.6,17:26:28,58.400002,33.385429,-117.495544,5,MECPAYLOADOFF,1.8,FALSE,FALSE,FALSE,0.0,0.0,0.0
105,00:01:46,105,F,LAUNCH_PAD,-0.0,28.7,101.4,3.9,0.1,-8.3,-10.7,-9.0,-10.7,-0.7,1.2,256.3,17:26:29,58.400002,33.385433,-117.495544,5,MECPAYLOADOFF,1.8,FALSE,FALSE,FALSE,0.0,0.0,0.0
106,00:01:47,106,F,LAUNCH_PAD,0.3,28.7,101.4,3.9,0.1,4.4,7.6,-5.5,-9.7,-0.6,0.2,276.6,17:26:30,58.400002,33.385429,-117.495544,6,MECPAYLOADOFF,1.8,FALSE,FALSE,FALSE,0.0,0.0,0.0
107,00:01:48,107,F,LAUNCH_PAD,0.7,28.8,101.4,3.9,0.1,1.6,-0.6,0.3,-9.8,-0.7,0.1,281.8,17:26:31,58.500000,33.385422,-117.495537,6,MECPAYLOADOFF,1.8,FALSE,FALSE,FALSE,0.0,0.0,0.0
108,00:01:49,108,F,LAUNCH_PAD,0.5,28.8,101.4,3.9,0.1,7.2,-38.1,5.1,-9.7,-0.6,0.9,278.1,17:26:32,58.599998,33.385422,-117.495537,6,MECPAYLOADOFF,1.8,FALSE,FALSE,FALSE,0.0,0.0,0.0
109,00:01:50,109,F,LAUNCH_PAD,0.0,28.8,101.4,3.9,0.1,89.9,8.8,4.4,-8.8,-0.4,2.5,305.9,17:26:33,58.700001,33.385429,-117.495529,6,MECPAYLOADOFF,1.8,FALSE,FALSE,FALSE,0.0,0.0,0.0
110,00:01:51,110,F,LAUNCH_PAD,0.1,28.8,101.4,3.9,0.1,-171.6,16.8,-45.2,-9.1,-0.3,3.5,343.4,17:26:34,59.000000,33.385445,-117.495529,6,MECPAYLOADOFF,1.8,FALSE,FALSE,FALSE,0.0,0.0,0.0
111,00:01:52,111,F,LAUNCH_PAD,-0.5,28.8,101.4,3.9,0.1,35.1,-48.9,11.1,-9.4,-0.3,2.9,27.7,17:26:35,59.099998,33.385445,-117.495529,6,MECPAYLOADOFF,1.8,FALSE,FALSE,FALSE,0.0,0.0,0.0
112,00:01:53,112,F,LAUNCH_PAD,-0.3,28.8,101.4,3.9,0.1,60.6,-13.0,19.5,-6.0,-0.3,1.9,358.0,17:26:36,59.200001,33.385445,-117.495522,6,MECPAYLOADOFF,1.8,FALSE,FALSE,FALSE,0.0,0.0,0.0
113,00:01:54,113,F,LAUNCH_PAD,-0.8,28.8,101.4,3.9,0.1,-16.5,-15.4,-7.2,-9.7,-0.3,2.8,8.2,17:26:37,59.299999,33.385448,-117.495522,6,MECPAYLOADOFF,1.8,FALSE,FALSE,FALSE,0.0,0.0,0.0
114,00:01:55,114,F,LAUNCH_PAD,-1.6,28.8,101.4,3.9,0.1,-25.4,21.8,-14.1,-9.5,4.8,1.5,2.8,17:26:38,59.400002,33.385448,-117.495522,6,MECPAYLOADOFF,1.8,FALSE,FALSE,FALSE,0.0,0.0,0.0
115,00:01:56,115,F,LAUNCH_PAD,-0.1,28.8,101.4,3.9,0.1,5.0,-2.6,-3.5,-9.7,0.2,0.8,0.5,17:26:39,59.299999,33.385445,-117.495522,6,MECPAYLOADOFF,1.8,FALSE,FALSE,FALSE,0.0,0.0,0.0
116,00:01:57,116,F,LAUNCH_PAD,-0.6,28.8,101.4,3.9,0.1,3.8,-2.3,-2.3,-9.7,0.1,1.2,2.4,17:26:40,59.200001,33.385445,-117.495514,6,MECPAYLOADOFF,1.8,FALSE,FALSE,FALSE,0.0,0.0,0.0
117,00:01:58,117,F,LAUNCH_PAD,-0.8,28.8,101.4,3.9,0.1,-0.0,1.1,0.5,-9.7,-0.1,1.2,2.9,17:26:41,59.099998,33.385437,-117.495522,6,MECPAYLOADOFF,1.8,FALSE,FALSE,FALSE,0.0,0.0,0.0
118,00:01:59,118,F,LAUNCH_PAD,-1.0,28.8,101.4,3.9,0.1,1.4,-1.6,-1.0,-9.7,-0.1,1.1,2.3,17:26:42,58.900002,33.385441,-117.495514,6,MECPAYLOADOFF,1.8,FALSE,FALSE,FALSE,0.0,0.0,0.0
119,00:02:00,119,F,LAUNCH_PAD,-1.0,28.8,101.4,3.9,0.1,-0.0,1.9,-0.2,-9.7,-0.2,1.2,2.5,17:26:43,58.400002,33.385399,-117.495499,5,MECPAYLOADOFF,1.8,FALSE,FALSE,FALSE,0.0,0.0,0.0
120,00:02:01,120,F,LAUNCH_PAD,-0.6,28.8,101.4,3.9,0.1,-1.0,-0.0,0.8,-9.7,-0.1,1.1,2.3,17:26:44,57.799999,33.385426,-117.495499,5,MECPAYLOADOFF,1.8,FALSE,FALSE,FALSE,0.0,0.0,0.0
121,00:02:02,121,F,LAUNCH_PAD,-0.7,28.8,101.4,3.9,0.1,-0.8,1.8,0.2,-9.7,-0.1,1.0,2.3,17:26:45,57.400002,33.385422,-117.495499,5,MECPAYLOADOFF,1.8,FALSE,FALSE,FALSE,0.0,0.0,0.0
122,00:02:03,122,F,LAUNCH_PAD,-0.6,28.8,101.4,3.9,0.1,-2.4,2.0,0.1,-9.7,0.0,0.9,1.6,17:26:46,57.099998,33.385410,-117.495491,4,MECPAYLOADOFF,1.8,FALSE,FALSE,FALSE,0.0,0.0,0.0
123,00:02:04,123,F,LAUNCH_PAD,-0.2,28.8,101.4,3.9,0.1,1.8,0.8,1.6,-9.6,0.2,1.0,4.1,17:26:47,57.000000,33.385410,-117.495491,4,MECPAYLOADOFF,1.8,FALSE,FALSE,FALSE,0.0,0.0,0.0
124,00:02:05,124,F,LAUNCH_PAD,-0.9,28.8,101.4,3.9,0.1,-66.6,18.6,54.0,-11.1,-0.4,3.3,339.7,17:26:48,57.000000,33.385414,-117.495483,4,MECPAYLOADOFF,1.8,FALSE,FALSE,FALSE,0.0,0.0,0.0
125,00:02:06,125,F,LAUNCH_PAD,-0.0,28.7,101.4,3.9,0.1,-3.4,0.9,-42.6,-8.2,-0.0,2.4,286.9,17:26:49,56.599998,33.385422,-117.495483,5,MECPAYLOADOFF,1.8,FALSE,FALSE,FALSE,0.0,0.0,0.0
126,00:02:07,126,F,LAUNCH_PAD,0.0,28.7,101.4,3.9,0.1,-79.4,17.2,15.8,-9.5,-0.1,3.0,283.9,17:26:50,56.400002,33.385395,-117.495476,5,MECPAYLOADOFF,1.8,FALSE,FALSE,FALSE,0.0,0.0,0.0
127,00:02:09,128,F,LAUNCH_PAD,0.5,28.6,101.4,3.9,0.1,55.1,-3.8,-27.6,-8.6,-0.2,2.6,308.1,17:26:52,56.500000,33.385387,-117.495476,6,MECPAYLOADOFF,1.8,FALSE,FALSE,FALSE,0.0,0.0,0.0
128,00:02:10,129,F,LAUNCH_PAD,-0.0,28.5,101.4,3.9,0.1,21.2,-15.7,2.6,-8.4,-0.3,2.5,23.2,17:26:53,56.400002,33.385395,-117.495476,6,MECPAYLOADOFF,1.8,FALSE,FALSE,FALSE,0.0,0.0,0.0
129,00:02:11,130,F,LAUNCH_PAD,0.5,28.6,101.4,3.9,0.1,15.6,2.1,-2.4,-9.5,-0.3,2.8,21.6,17:26:54,56.400002,33.385399,-117.495483,6,MECPAYLOADOFF,1.8,FALSE,FALSE,FALSE,0.0,0.0,0.0
130,00:02:12,131,F,LAUNCH_PAD,0.6,28.6,101.4,3.9,0.1,-1.6,4.0,-0.8,-9.3,-0.2,2.9,18.3,17:26:55,56.500000,33.385406,-117.495483,6,MECPAYLOADOFF,1.8,FALSE,FALSE,FALSE,0.0,0.0,0.0
131,00:02:13,132,F,LAUNCH_PAD,0.4,28.7,101.4,3.9,0.1,-21.7,1.9,3.8,-9.2,-0.4,2.6,16.4,17:26:56,56.299999,33.385437,-117.495476,6,MECPAYLOADOFF,1.8,FALSE,FALSE,FALSE,0.0,0.0,0.0
132,00:02:14,133,F,LAUNCH_PAD,0.4,28.7,101.4,3.9,0.1,12.8,7.2,-6.0,-9.5,-0.5,2.6,18.4,17:26:57,56.200001,33.385460,-117.495468,6,MECPAYLOADOFF,1.8,FALSE,FALSE,FALSE,0.0,0.0,0.0
133,00:02:15,134,F,LAUNCH_PAD,0.3,28.7,101.4,3.9,0.1,-2.0,7.1,4.7,-9.4,-0.3,2.8,12.1,17:26:58,56.299999,33.385468,-117.495468,6,MECPAYLOADOFF,1.8,FALSE,FALSE,FALSE,0.0,0.0,0.0
134,00:02:16,135,F,LAUNCH_PAD,0.0,28.7,101.4,3.9,0.1,2.8,1.1,1.6,-9.3,-0.3,2.8,13.6,17:26:59,56.599998,33.385487,-117.495483,6,MECPAYLOADOFF,1.8,FALSE,FALSE,FALSE,0.0,0.0,0.0
135,00:02:17,136,F,LAUNCH_PAD,0.3,28.7,101.4,3.9,0.1,2.9,0.1,-0.2,-9.4,-0.3,2.8,14.3,17:27:00,56.599998,33.385498,-117.495483,6,MECPAYLOADOFF,1.8,FALSE,FALSE,FALSE,0.0,0.0,0.0
136,00:02:18,137,F,LAUNCH_PAD,0.7,28.8,101.4,3.9,0.1,13.2,-9.9,-0.4,-9.3,-0.3,2.9,15.6,17:27:01,56.700001,0.330000,-117.495483,6,MECPAYLOADOFF,1.8,FALSE,FALSE,FALSE,0.0,0.0,0.0
137,00:02:19,138,F,LAUNCH_PAD,0.9,28.8,101.4,3.9,0.1,-2.0,-23.1,-2.6,-9.7,-0.4,2.8,14.1,17:27:02,56.700001,33.385536,-117.495483,6,MECPAYLOADOFF,1.8,FALSE,FALSE,FALSE,0.0,0.0,0.0
138,00:02:20,139,F,LAUNCH_PAD,0.1,28.8,101.4,3.9,0.1,-8.5,-31.9,5.6,-9.0,-0.2,2.8,16.8,17:27:03,56.599998,33.385548,-117.495491,6,MECPAYLOADOFF,1.8,FALSE,FALSE,FALSE,0.0,0.0,0.0
139,00:02:21,140,F,LAUNCH_PAD,0.3,28.8,101.4,3.9,0.1,-24.6,-11.1,0.0,-9.3,-0.1,2.9,9.7,17:27:04,56.700001,33.385551,-117.495499,5,MECPAYLOADOFF,1.8,FALSE,FALSE,FALSE,0.0,0.0,0.0
140,00:02:22,141,F,LAUNCH_PAD,0.3,28.8,101.4,3.9,0.1,2.9,4.8,5.1,-9.2,-0.2,2.9,5.0,17:27:05,56.799999,33.385548,-117.495506,5,MECPAYLOADOFF,1.8,FALSE,FALSE,FALSE,0.0,0.0,0.0
141,00:02:23,142,F,LAUNCH_PAD,0.3,28.8,101.4,3.9,0.1,-2.1,6.7,11.4,-9.3,-0.4,2.8,4.3,17:27:06,56.900002,33.385555,-117.495514,5,MECPAYLOADOFF,1.8,FALSE,FALSE,FALSE,0.0,0.0,0.0
142,00:02:24,143,F,LAUNCH_PAD,0.3,28.8,101.4,3.9,0.1,-0.6,6.0,14.4,-9.4,-0.2,2.8,1.8,17:27:07,56.900002,33.385559,-117.495514,5,MECPAYLOADOFF,1.8,FALSE,FALSE,FALSE,0.0,0.0,0.0
143,00:02:25,144,F,LAUNCH_PAD,0.7,28.8,101.4,3.9,0.1,-4.9,-9.2,26.2,-9.5,-0.4,2.8,359.8,17:27:08,57.400002,33.385578,-117.495529,5,MECPAYLOADOFF,1.8,FALSE,FALSE,FALSE,0.0,0.0,0.0
144,00:02:26,145,F,LAUNCH_PAD,0.2,28.8,101.4,3.9,0.1,-27.9,-1.2,13.0,-9.4,-0.3,2.8,356.5,17:27:09,57.599998,33.385571,-117.495537,5,MECPAYLOADOFF,1.8,FALSE,FALSE,FALSE,0.0,0.0,0.0
145,00:02:27,146,F,LAUNCH_PAD,-0.7,28.8,101.4,3.9,0.1,-6.5,-0.1,4.8,-9.3,-0.2,3.0,354.9,17:27:10,57.900002,33.385567,-117.495537,5,MECPAYLOADOFF,1.8,FALSE,FALSE,FALSE,0.0,0.0,0.0
146,00:02:28,147,F,LAUNCH_PAD,0.1,28.8,101.4,3.9,0.1,21.2,8.6,-17.3,-10.1,-0.2,3.2,356.8,01:72:71,58.099998,33.385563,-117.495544,5,MECPAYLOADOFF,1.8,FALSE,FALSE,FALSE,0.0,0.0,0.0
147,00:02:29,148,F,LAUNCH_PAD,0.3,28.8,101.4,3.9,0.1,0.4,12.7,-21.8,-9.8,-0.1,3.2,350.4,17:27:12,58.299999,33.385567,-117.495544,5,MECPAYLOADOFF,1.8,FALSE,FALSE,FALSE,0.0,0.0,0.0
148,00:02:30,149,F,LAUNCH_PAD,0.5,28.8,101.4,3.9,0.1,17.8,-9.0,-5.2,-9.5,-0.2,2.9,350.2,17:27:13,58.400002,33.385559,-117.495544,5,MECPAYLOADOFF,1.8,FALSE,FALSE,FALSE,0.0,0.0,0.0
149,00:02:31,150,F,LAUNCH_PAD,0.4,28.9,101.4,3.9,0.1,0.3,-7.4,-1.8,-9.1,-0.2,2.8,355.9,17:27:14,58.700001,33.385563,-117.495552,5,MECPAYLOADOFF,1.8,FALSE,FALSE,FALSE,0.0,0.0,0.0
150,00:02:32,151,F,LAUNCH_PAD,0.4,28.9,101.4,3.9,0.1,4.9,-21.9,1.8,-9.2,-0.3,2.6,355.8,17:27:15,58.799999,33.385559,-117.495552,5,MECPAYLOADOFF,1.8,FALSE,FALSE,FALSE,0.0,0.0,0.0
151,00:02:33,152,F,LAUNCH_PAD,0.1,28.9,101.4,3.9,0.1,-2.1,-6.1,-5.4,-9.4,-0.2,2.9,359.2,17:27:16,59.000000,33.385548,-117.495552,5,MECPAYLOADOFF,1.8,FALSE,FALSE,FALSE,0.0,0.0,0.0
152,00:02:34,153,F,LAUNCH_PAD,0.7,28.9,101.4,3.9,0.1,-23.9,-2.2,3.4,-9.6,-0.3,2.9,358.0,17:27:17,59.200001,33.385529,-117.495560,5,MECPAYLOADOFF,1.8,FALSE,FALSE,FALSE,0.0,0.0,0.0
153,00:02:35,154,F,LAUNCH_PAD,-0.4,28.9,101.4,3.9,0.1,-2.8,2.8,2.0,-9.4,-0.2,2.8,357.6,17:27:18,59.299999,33.385521,-117.495560,5,MECPAYLOADOFF,1.8,FALSE,FALSE,FALSE,0.0,0.0,0.0
154,00:02:36,155,F,LAUNCH_PAD,0.6,28.9,101.4,3.9,0.1,6.1,1.6,-0.9,-9.1,-0.2,2.9,358.6,17:27:19,59.299999,33.385532,-117.495552,5,MECPAYLOADOFF,1.8,FALSE,FALSE,FALSE,0.0,0.0,0.0
155,00:02:37,156,F,LAUNCH_PAD,0.1,28.9,101.4,3.9,0.1,1.8,2.4,-4.3,-9.4,-0.2,2.9,359.2,17:27:20,59.299999,33.385536,-117.495544,5,MECPAYLOADOFF,1.8,FALSE,FALSE,FALSE,0.0,0.0,0.0
156,00:02:38,157,F,LAUNCH_PAD,0.7,28.9,101.4,3.9,0.1,-0.1,2.4,-3.3,-9.4,-0.1,2.9,358.6,17:27:21,59.400002,33.385525,-117.495544,5,MECPAYLOADOFF,1.8,FALSE,FALSE,FALSE,0.0,0.0,0.0
157,00:02:39,158,F,LAUNCH_PAD,0.7,29.0,101.4,3.9,0.1,7.8,10.7,0.2,-9.4,-0.1,3.1,4.2,17:27:22,59.500000,33.385525,-117.495537,5,MECPAYLOADOFF,1.8,FALSE,FALSE,FALSE,0.0,0.0,0.0
158,00:02:40,159,F,LAUNCH_PAD,0.6,29.0,101.4,3.9,0.1,-11.7,6.0,17.4,-9.0,-0.3,2.4,6.8,17:27:23,59.500000,33.385521,-117.495537,5,MECPAYLOADOFF,1.8,FALSE,FALSE,FALSE,0.0,0.0,0.0
159,00:02:41,160,F,LAUNCH_PAD,0.5,29.0,101.4,3.9,0.1,13.9,25.4,-19.6,-9.3,-0.0,3.2,5.8,17:27:24,59.500000,33.385509,-117.495537,5,MECPAYLOADOFF,1.8,FALSE,FALSE,FALSE,0.0,0.0,0.0
160,00:02:42,161,F,LAUNCH_PAD,0.3,29.0,101.4,3.9,0.1,77.5,10.4,-38.4,-9.6,-0.2,3.2,62.4,17:27:25,59.500000,33.385506,-117.489998,5,MECPAYLOADOFF,1.8,FALSE,FALSE,FALSE,0.0,0.0,0.0
161,00:02:43,162,F,LAUNCH_PAD,0.4,29.0,101.4,3.9,0.1,75.6,-3.2,-29.5,-9.5,-0.2,3.1,138.6,17:27:26,59.599998,33.385502,-117.495529,5,MECPAYLOADOFF,1.8,FALSE,FALSE,FALSE,0.0,0.0,0.0
162,00:02:44,163,F,LAUNCH_PAD,0.4,29.0,101.4,3.9,0.1,-2.9,-9.1,-6.3,-9.4,-0.2,2.8,179.7,17:27:27,59.299999,33.385540,-117.495514,6,MECPAYLOADOFF,1.8,FALSE,FALSE,FALSE,0.0,0.0,0.0
163,00:02:45,164,F,LAUNCH_PAD,0.8,29.0,101.4,3.9,0.2,-12.2,6.4,10.9,-9.2,-0.3,2.7,182.7,17:27:28,59.400002,33.385529,-117.495514,5,MECPAYLOADOFF,1.8,FALSE,FALSE,FALSE,0.0,0.0,0.0
164,00:02:46,165,F,LAUNCH_PAD,0.9,29.0,101.4,3.9,0.1,45.4,11.5,-2.9,-9.1,-0.3,2.7,197.9,17:27:29,59.400002,33.385509,-117.495506,5,MECPAYLOADOFF,1.8,FALSE,FALSE,FALSE,0.0,0.0,0.0
165,00:02:47,166,F,LAUNCH_PAD,0.9,29.1,101.4,3.9,0.1,37.6,-7.5,1.8,-9.3,-0.4,2.9,167.6,17:27:30,59.099998,33.385498,-117.495499,6,MECPAYLOADOFF,1.8,FALSE,FALSE,FALSE,0.0,0.0,0.0
166,00:02:48,167,F,LAUNCH_PAD,0.4,29.1,101.4,3.9,0.1,47.4,0.6,-18.8,-9.0,-0.2,3.1,158.9,17:27:31,59.200001,33.385494,-117.495499,6,MECPAYLOADOFF,1.8,FALSE,FALSE,FALSE,0.0,0.0,0.0
167,00:02:49,168,F,LAUNCH_PAD,0.3,29.1,101.4,3.9,0.1,6.1,0.2,-3.7,-9.2,-0.2,3.0,183.4,17:27:32,59.200001,33.385471,-117.495499,6,MECPAYLOADOFF,1.8,FALSE,FALSE,FALSE,0.0,0.0,0.0
168,00:02:50,169,F,LAUNCH_PAD,0.2,29.1,101.4,3.9,0.1,1.9,4.8,2.4,-9.2,-0.3,2.9,180.1,17:27:33,59.099998,33.385456,-117.495499,6,MECPAYLOADOFF,1.8,FALSE,FALSE,FALSE,0.0,0.0,0.0
169,00:02:51,170,F,LAUNCH_PAD,-0.1,29.1,101.4,3.9,0.1,2.8,1.8,0.0,-9.3,-0.2,3.0,179.4,17:27:34,59.099998,33.385437,-117.495499,6,MECPAYLOADOFF,1.8,FALSE,FALSE,FALSE,0.0,0.0,0.0
170,00:02:52,171,F,LAUNCH_PAD,0.5,29.1,101.4,3.9,0.1,-26.5,-4.3,-4.8,-9.4,-0.2,2.9,190.1,17:27:35,59.200001,33.385433,-117.495491,6,MECPAYLOADOFF,1.8,FALSE,FALSE,FALSE,0.0,0.0,0.0
171,00:02:53,172,F,LAUNCH_PAD,1.2,29.1,101.4,3.9,0.1,5.8,-1.4,4.5,-9.1,-0.3,2.7,175.1,17:27:36,59.299999,33.385426,-117.495491,6,MECPAYLOADOFF,1.8,FALSE,FALSE,FALSE,0.0,0.0,0.0
172,00:02:54,173,F,LAUNCH_PAD,1.1,29.1,101.4,3.9,0.1,-13.6,-9.2,1.4,-9.6,-0.3,2.8,144.0,17:27:37,59.500000,33.385426,-117.495491,6,MECPAYLOADOFF,1.8,FALSE,FALSE,FALSE,0.0,0.0,0.0
173,00:02:55,174,F,LAUNCH_PAD,-0.1,29.2,101.4,3.9,0.1,-16.4,-3.8,-5.1,-9.0,-0.1,3.1,141.4,17:27:38,59.500000,33.385418,-117.495499,6,MECPAYLOADOFF,1.8,FALSE,FALSE,FALSE,0.0,0.0,0.0
174,00:02:56,175,F,LAUNCH_PAD,0.0,29.2,101.4,3.9,0.1,-3.5,0.3,-4.6,-9.5,-0.2,3.0,139.8,17:27:39,59.700001,33.385414,-117.495499,6,MECPAYLOADOFF,1.8,FALSE,FALSE,FALSE,0.0,0.0,0.0
175,00:02:57,176,F,LAUNCH_PAD,0.5,29.2,101.4,3.9,0.1,-1.6,2.8,-1.9,-9.3,-0.2,2.9,137.4,17:27:40,60.000000,33.385414,-117.495491,6,MECPAYLOADOFF,1.8,FALSE,FALSE,FALSE,0.0,0.0,0.0
176,00:02:58,177,F,LAUNCH_PAD,0.4,29.2,101.4,3.9,0.1,9.2,1.2,-5.2,-9.3,-0.2,3.0,137.5,17:27:41,60.299999,33.385418,-117.495491,6,MECPAYLOADOFF,1.8,FALSE,FALSE,FALSE,0.0,0.0,0.0
177,00:02:59,178,F,LAUNCH_PAD,0.1,29.2,101.4,3.9,0.1,-17.4,0.2,1.9,-8.6,-0.1,3.2,174.1,17:27:42,60.500000,33.385422,-117.495491,6,MECPAYLOADOFF,1.8,FALSE,FALSE,FALSE,0.0,0.0,0.0
178,00:03:00,179,F,LAUNCH_PAD,0.9,29.2,101.4,3.9,0.2,7.4,8.2,-2.1,-9.3,-0.2,3.0,173.1,17:27:43,60.400002,33.385422,-117.495483,6,MECPAYLOADOFF,1.8,FALSE,FALSE,FALSE,0.0,0.0,0.0
179,00:03:01,180,F,LAUNCH_PAD,0.4,29.2,101.4,3.9,0.1,2.8,1.8,4.6,-9.3,-0.2,3.0,169.6,17:27:44,60.200001,33.385422,-117.495491,6,MECPAYLOADOFF,1.8,FALSE,FALSE,FALSE,0.0,0.0,0.0
180,00:03:02,181,F,LAUNCH_PAD,0.2,29.2,101.4,3.9,0.1,-12.5,9.2,14.3,-9.6,-0.2,3.3,164.8,17:27:45,60.200001,33.385418,-117.495483,6,MECPAYLOADOFF,1.8,FALSE,FALSE,FALSE,0.0,0.0,0.0
181,00:03:03,182,F,LAUNCH_PAD,0.4,29.2,101.4,3.9,0.1,-146.6,43.6,60.4,-9.7,-0.2,3.5,27.1,17:27:46,60.200001,33.385422,-117.495491,6,MECPAYLOADOFF,1.8,FALSE,FALSE,FALSE,0.0,0.0,0.0
182,00:03:04,183,F,LAUNCH_PAD,0.6,29.2,101.4,3.9,0.1,-57.7,-12.5,6.0,-9.2,-0.1,2.9,298.8,17:27:47,60.000000,33.385418,-117.495483,6,MECPAYLOADOFF,1.8,FALSE,FALSE,FALSE,0.0,0.0,0.0
183,00:03:05,184,F,LAUNCH_PAD,0.7,29.3,101.4,3.9,0.1,-0.4,10.1,3.4,-9.3,-0.1,3.3,286.5,17:27:48,60.200001,33.385426,-117.495483,6,MECPAYLOADOFF,1.8,FALSE,FALSE,FALSE,0.0,0.0,0.0
184,00:03:06,185,F,LAUNCH_PAD,0.4,29.3,101.4,3.9,0.1,3.8,4.4,-3.0,-9.3,0.1,3.2,298.0,17:27:49,60.500000,33.385433,-117.495483,6,MECPAYLOADOFF,1.8,FALSE,FALSE,FALSE,0.0,0.0,0.0
185,00:03:07,186,F,LAUNCH_PAD,0.6,29.2,101.4,3.9,0.1,-2.3,2.5,1.8,-9.2,-0.2,3.2,298.3,17:27:50,60.700001,33.385433,-117.495483,6,MECPAYLOADOFF,1.8,FALSE,FALSE,FALSE,0.0,0.0,0.0
186,00:03:08,187,F,LAUNCH_PAD,1.3,29.3,101.4,3.9,0.1,-2.1,-3.1,2.9,-9.2,-0.1,3.1,303.9,17:27:51,61.099998,33.385429,-117.495483,6,MECPAYLOADOFF,1.8,FALSE,FALSE,FALSE,0.0,0.0,0.0
187,00:03:09,188,F,LAUNCH_PAD,1.0,29.3,101.4,3.9,0.1,2.1,-1.4,1.6,-9.2,-0.1,3.0,304.4,17:27:52,61.599998,33.385429,-117.495483,6,MECPAYLOADOFF,1.8,FALSE,FALSE,FALSE,0.0,0.0,0.0
188,00:03:10,189,F,LAUNCH_PAD,0.3,29.3,101.4,3.9,0.1,3.1,-0.8,-10.5,-9.3,-0.0,2.9,316.5,17:27:53,62.099998,33.385433,-117.495491,6,MECPAYLOADOFF,1.8,FALSE,FALSE,FALSE,0.0,0.0,0.0
189,00:03:11,190,F,LAUNCH_PAD,0.6,29.3,101.4,3.9,0.1,12.8,2.8,-5.2,-9.6,0.1,3.5,312.6,17:27:54,62.500000,33.385433,-117.495491,6,MECPAYLOADOFF,1.8,FALSE,FALSE,FALSE,0.0,0.0,0.0
190,00:03:12,191,F,LAUNCH_PAD,0.8,29.3,101.4,3.9,0.1,12.4,31.3,7.1,-8.9,-0.1,2.8,3.0,17:27:55,62.900002,33.385448,-117.495483,6,MECPAYLOADOFF,1.8,FALSE,FALSE,FALSE,0.0,0.0,0.0
191,00:03:13,192,F,LAUNCH_PAD,0.7,29.3,101.4,3.9,0.1,-9.3,16.2,5.9,-9.4,-0.2,2.8,2.6,17:27:56,63.099998,33.385448,-117.495491,6,MECPAYLOADOFF,1.8,FALSE,FALSE,FALSE,0.0,0.0,0.0
192,00:03:14,193,F,LAUNCH_PAD,0.7,29.3,101.4,3.9,0.1,-25.1,16.1,-3.6,-9.4,0.2,3.3,308.5,17:27:57,63.400002,33.385448,-117.495499,6,MECPAYLOADOFF,1.8,FALSE,FALSE,FALSE,0.0,0.0,0.0
193,00:03:15,194,F,LAUNCH_PAD,1.1,29.3,101.4,3.9,0.1,30.8,12.1,-18.3,-9.5,0.1,3.4,309.5,17:27:58,63.799999,33.385445,-117.495499,6,MECPAYLOADOFF,1.8,FALSE,FALSE,FALSE,0.0,0.0,0.0
194,00:03:16,195,F,LAUNCH_PAD,0.5,29.3,101.4,3.9,0.1,50.2,-6.1,-23.3,-9.1,-0.3,2.8,12.8,17:27:59,64.199997,33.385460,-117.495491,6,MECPAYLOADOFF,1.8,FALSE,FALSE,FALSE,0.0,0.0,0.0
195,00:03:17,196,F,LAUNCH_PAD,0.4,29.3,101.4,3.9,0.1,97.6,-26.1,-29.6,-9.7,-0.5,2.4,97.0,17:28:00,64.500000,33.385456,-117.495491,6,MECPAYLOADOFF,1.8,FALSE,FALSE,FALSE,0.0,0.0,0.0
196,00:03:18,197,F,LAUNCH_PAD,0.5,29.3,101.4,3.9,0.1,45.2,-3.9,-7.4,-9.4,-0.6,3.2,160.7,17:28:01,64.599998,33.385448,-117.495499,6,MECPAYLOADOFF,1.8,FALSE,FALSE,FALSE,0.0,0.0,0.0
197,00:03:19,198,F,LAUNCH_PAD,0.4,29.3,101.4,3.9,0.1,-79.7,-12.8,9.4,-9.2,-0.4,2.9,127.2,17:28:02,64.699997,33.385445,-117.495499,6,MECPAYLOADOFF,1.8,FALSE,FALSE,FALSE,0.0,0.0,0.0
198,00:03:20,199,F,LAUNCH_PAD,0.3,29.3,101.4,3.9,0.1,-60.2,46.9,9.8,-9.5,0.0,2.9,63.6,17:28:03,64.800003,33.385456,-117.495491,6,MECPAYLOADOFF,1.8,FALSE,FALSE,FALSE,0.0,0.0,0.0
199,00:03:21,200,F,LAUNCH_PAD,0.6,29.2,101.4,3.9,0.1,-23.1,44.1,3.1,-9.7,0.0,3.5,22.4,17:28:04,65.000000,33.385460,-117.495491,6,MECPAYLOADOFF,1.8,FALSE,FALSE,FALSE,0.0,0.0,0.0
200,00:03:22,201,F,LAUNCH_PAD,-0.1,29.3,101.4,3.9,0.1,-13.5,12.1,3.4,-9.4,-0.0,2.9,15.6,17:28:05,64.900002,33.385460,-117.495483,6,MECPAYLOADOFF,1.8,FALSE,FALSE,FALSE,0.0,0.0,0.0
201,00:03:23,202,F,LAUNCH_PAD,0.2,29.3,101.4,3.9,0.1,8.5,0.9,-4.6,-9.8,0.0,2.7,12.6,17:28:06,64.900002,33.385456,-117.495483,6,MECPAYLOADOFF,1.8,FALSE,FALSE,FALSE,0.0,0.0,0.0
202,00:03:24,203,F,LAUNCH_PAD,0.1,29.3,101.4,3.9,0.1,-10.8,1.5,2.9,-9.4,-0.2,2.8,9.9,17:28:07,65.099998,33.385445,-117.495499,6,MECPAYLOADOFF,1.8,FALSE,FALSE,FALSE,0.0,0.0,0.0
203,00:03:25,204,F,LAUNCH_PAD,-0.1,29.3,101.4,3.9,0.1,-2.8,3.8,6.6,-9.9,0.6,3.1,6.2,17:28:00,65.300003,33.385445,-117.495506,6,MECPAYLOADOFF,1.8,FALSE,FALSE,FALSE,0.0,0.0,0.0
204,00:03:26,205,F,LAUNCH_PAD,-2.0,29.3,101.4,3.9,0.1,-49.9,10.6,66.2,-13.7,-1.2,3.9,1.1,17:28:09,65.599998,33.385448,-117.495506,5,MECPAYLOADOFF,1.8,FALSE,FALSE,FALSE,0.0,0.0,0.0
205,00:03:27,206,F,LAUNCH_PAD,1.5,29.2,101.4,3.9,0.1,-64.9,29.8,50.8,-3.0,-3.6,18.1,12.8,17:28:10,66.000000,33.385464,-117.495499,5,MECPAYLOADOFF,1.8,FALSE,FALSE,FALSE,0.0,0.0,0.0
206,00:03:31,210,F,LAUNCH_PAD,15.9,29.2,101.2,3.9,0.1,-15.6,36.4,-35.1,-9.2,0.5,2.1,6.8,17:28:14,67.900002,33.385597,-117.495422,5,MECPAYLOADOFF,15.9,FALSE,FALSE,FALSE,0.0,0.0,0.0
207,00:03:32,211,F,LAUNCH_PAD,17.9,29.1,101.2,3.9,0.1,113.9,7.8,-14.2,-5.8,-0.8,1.2,10.1,17:28:15,68.400002,33.385620,-117.495399,5,MECPAYLOADOFF,17.9,FALSE,FALSE,FALSE,0.0,0.0,0.0
208,00:03:33,212,F,LAUNCH_PAD,19.8,29.2,101.2,3.9,0.1,-49.2,-37.4,44.6,-7.6,-0.5,1.0,29.8,17:28:16,69.000000,33.385647,-117.495377,5,MECPAYLOADOFF,19.8,FALSE,FALSE,FALSE,0.0,0.0,0.0
209,00:03:34,213,F,LAUNCH_PAD,20.1,29.1,101.2,3.9,0.1,-9.6,0.6,18.2,-8.0,0.1,2.7,2.1,17:28:17,69.599998,33.385651,-117.495354,5,MECPAYLOADOFF,20.1,FALSE,FALSE,FALSE,0.0,0.0,0.0
210,00:03:35,214,F,LAUNCH_PAD,16.7,29.1,101.2,3.9,0.1,49.8,-36.4,-10.9,-11.7,1.8,4.5,311.3,17:28:18,70.099998,33.385639,-117.495338,5,MECPAYLOADOFF,20.1,FALSE,FALSE,FALSE,0.0,0.0,0.0
211,00:03:38,217,F,LAUNCH_PAD,11.1,29.0,101.3,3.9,0.1,-136.9,40.9,37.2,-9.9,-0.1,4.4,240.6,17:28:21,71.199997,33.385624,-117.495285,5,MECPAYLOADOFF,20.1,FALSE,FALSE,FALSE,0.0,0.0,0.0
212,00:03:45,224,F,LAUNCH_PAD,28.3,28.7,101.1,3.9,0.1,44.1,-26.0,-19.7,-12.3,1.2,2.3,185.9,17:28:28,74.000000,33.385715,-117.495193,6,MECPAYLOADOFF,28.2,FALSE,FALSE,FALSE,0.0,0.0,0.0
213,00:04:03,242,F,LAUNCH_PAD,15.4,28.1,101.2,3.9,0.1,-18.2,78.4,19.4,-5.5,0.6,5.6,180.6,17:28:46,69.400002,33.385475,-117.495148,6,MECPAYLOADOFF,37.6,FALSE,FALSE,FALSE,0.0,0.0,0.0
214,00:04:04,243,F,LAUNCH_PAD,17.3,28.0,101.2,3.9,0.2,-74.5,42.4,11.1,-7.0,-1.4,6.1,172.7,17:28:47,68.900002,33.385471,-117.495148,6,DROP!!!,37.6,FALSE,FALSE,FALSE,0.0,0.0,0.0
215,00:04:05,244,F,LAUNCH_PAD,20.8,28.0,101.2,3.9,0.1,-45.2,-14.0,30.0,-9.3,0.6,5.6,159.9,17:28:48,68.500000,33.385464,-117.495148,6,DROP!!!,37.6,FALSE,FALSE,FALSE,0.0,0.0,0.0
216,00:04:15,254,F,LAUNCH_PAD,41.9,27.6,100.9,3.9,0.1,-92.6,-29.2,8.4,-6.9,-0.1,5.6,166.8,17:28:58,74.400002,33.385593,-117.495262,7,DROP!!!,44.3,FALSE,FALSE,FALSE,0.0,0.0,0.0
217,00:04:16,255,F,LAUNCH_PAD,38.3,27.5,101.0,3.9,0.1,31.9,-15.1,-44.4,-8.1,0.7,3.7,164.5,17:28:59,72.400002,33.385574,-117.495262,7,DROP!!!,44.3,FALSE,FALSE,FALSE,0.0,0.0,0.0
218,00:04:17,256,F,LAUNCH_PAD,34.4,27.5,101.0,3.9,0.1,49.1,-43.9,18.8,-9.1,-2.7,5.1,165.9,17:29:00,71.300003,33.385502,-117.495270,7,DROP!!!,44.3,FALSE,FALSE,FALSE,0.0,0.0,0.0
