TEAM_ID,MISSION_TIME,PACKET_COUNT,MODE,STATE,ALTITUDE,TEMPERATURE,PRESSURE,VOLTAGE,CURRENT,GYRO_R,GYRO_P,GYRO_Y,ACCEL_R,ACCEL_P,ACCEL_Y,HEADING,GPS_TIME,GPS_ALTITUDE,GPS_LATITUDE,GPS_LONGITUDE,GPS_SATS,CMD_ECHO,MAX_ALTITUDE,CONTAINER_RELEASED,PAYLOAD_RELEASED,PARAGLIDER_ACTIVE,TARGET_LATITUDE,TARGET_LONGITUDE,CAM_DIRECTION
1,1083,00:00:03,F,LAUNCH_PAD,0.1,24.2,101.2,4.0,0.1,-10.6,-8.2,3.5,-9.1,-0.4,0.6,347.6,16:41:47,57.400002,33.385433,-117.495514,14,N/A,0.1,FALSE,FALSE,FALSE,0.0,0.0,0.0
2,1083,00:00:04,F,LAUNCH_PAD,1.5,24.2,101.2,4.0,0.1,88.4,-86.0,136.4,-8.9,0.3,3.4,353.8,16:41:48,57.400002,33.385429,-117.495514,13,N/A,1.9,FALSE,FALSE,FALSE,0.0,0.0,0.0
3,1083,00:00:05,F,LAUNCH_PAD,0.1,24.2,101.2,4.0,0.1,-258.5,-152.1,59.7,-8.2,4.0,1.3,7.6,16:41:49,5.000000,33.385433,-117.495506,13,N/A,1.9,FALSE,FALSE,FALSE,0.0,0.0,0.0
4,1083,00:00:06,F,LAUNCH_PAD,0.2,24.2,101.2,4.0,0.1,112.7,-134.9,284.0,-8.4,2.2,7.4,349.4,16:41:50,57.400002,33.385429,-117.495514,14,N/A,1.9,FALSE,FALSE,FALSE,0.0,0.0,0.0
5,1083,00:00:07,F,LAUNCH_PAD,0.3,24.2,101.2,4.0,0.1,221.2,129.8,99.8,-9.4,1.3,0.9,339.4,16:41:51,57.400002,33.385429,-117.495514,14,N/A,1.9,FALSE,FALSE,FALSE,0.0,0.0,0.0
6,1083,00:00:08,F,LAUNCH_PAD,-0.1,24.2,101.2,4.0,0.1,-159.6,94.4,-137.8,-9.0,-1.7,-1.5,337.8,16:41:52,57.400002,33.385433,-117.495506,13,N/A,1.9,FALSE,FALSE,FALSE,0.0,0.0,0.0
7,1083,00:00:09,F,LAUNCH_PAD,0.1,24.2,101.2,4.0,0.1,-100.6,-95.9,19.2,-9.9,2.1,4.0,10.9,16:41:53,57.400002,33.385429,-117.495514,13,N/A,1.9,FALSE,FALSE,FALSE,0.0,0.0,0.0
8,1083,00:00:10,F,LAUNCH_PAD,-0.2,24.2,101.2,4.0,0.1,-43.7,-22.5,-58.9,-10.4,-3.3,2.6,7.6,16:41:54,57.400002,33.385429,-117.495514,13,N/A,1.9,FALSE,FALSE,FALSE,0.0,0.0,0.0
9,1083,00:00:11,F,LAUNCH_PAD,-0.7,24.2,101.2,4.0,0.1,-8.1,-19.2,-23.8,-9.7,-0.7,1.2,22.2,16:41:55,57.400002,33.385429,-117.495514,13,N/A,1.9,FALSE,FALSE,FALSE,0.0,0.0,0.0
10,1083,00:00:12,F,LAUNCH_PAD,-0.0,24.3,101.2,4.0,0.1,-7.3,4.2,-102.6,-2.8,3.2,3.8,1.4,16:41:56,57.400002,33.385429,-117.495514,14,N/A,1.9,FALSE,FALSE,FALSE,0.0,0.0,0.0
11,1083,00:00:13,F,LAUNCH_PAD,-0.1,24.3,101.2,4.0,0.1,35.9,60.3,-81.8,-10.7,-1.2,2.5,359.5,16:41:57,57.400002,33.385426,-117.495514,14,N/A,1.9,FALSE,FALSE,FALSE,0.0,0.0,0.0
12,1083,00:00:14,F,LAUNCH_PAD,-0.0,24.3,101.2,4.0,0.1,-60.8,95.0,-137.5,-7.9,-1.9,5.0,7.7,16:41:58,57.400002,33.385426,-117.495514,14,N/A,1.9,FALSE,FALSE,FALSE,0.0,0.0,0.0
13,1083,00:00:15,F,LAUNCH_PAD,0.1,24.3,101.2,4.0,0.1,13.8,-47.4,-126.3,-11.7,1.4,-0.2,7.6,16:41:59,57.400002,33.385426,-117.495514,14,N/A,1.9,FALSE,FALSE,FALSE,0.0,0.0,0.0
14,1083,00:00:16,F,LAUNCH_PAD,-0.8,24.3,101.2,4.0,0.1,-29.8,-59.6,23.3,-7.8,-5.9,5.6,26.1,16:42:00,57.400002,33.385422,-117.495514,14,N/A,1.9,FALSE,FALSE,FALSE,0.0,0.0,0.0
15,1083,00:00:17,F,LAUNCH_PAD,-0.2,24.3,101.2,4.0,0.1,-7.3,-19.4,-5.5,-6.5,-3.0,6.4,254.3,16:42:01,57.400002,33.385422,-117.495514,14,N/A,1.9,FALSE,FALSE,FALSE,0.0,0.0,0.0
16,1083,00:00:18,F,LAUNCH_PAD,-0.3,24.3,101.2,4.0,0.1,7.2,-32.0,-5.2,-3.0,-3.8,8.4,258.7,16:42:02,57.400002,33.385422,-117.495514,13,N/A,1.9,FALSE,FALSE,FALSE,0.0,0.0,0.0
17,1083,00:00:19,F,LAUNCH_PAD,-0.8,24.3,101.2,4.0,0.1,-6.1,0.4,3.9,-2.4,-1.6,9.5,245.4,16:42:03,57.500000,33.385422,-117.495514,13,N/A,1.9,FALSE,FALSE,FALSE,0.0,0.0,0.0
18,1083,00:00:20,F,LAUNCH_PAD,0.4,24.3,101.2,4.0,0.1,3.3,-4.1,-11.6,-2.6,-1.5,9.2,245.8,16:42:04,57.500000,33.385422,-117.495522,13,N/A,1.9,FALSE,FALSE,FALSE,0.0,0.0,0.0
19,1083,00:00:21,F,LAUNCH_PAD,-0.6,24.4,101.2,4.0,0.1,40.5,-10.4,-2.6,-2.8,-0.6,9.7,269.2,16:42:05,57.500000,33.385422,-117.495522,14,N/A,1.9,FALSE,FALSE,FALSE,0.0,0.0,0.0
20,1083,00:00:22,F,LAUNCH_PAD,-0.5,24.4,101.2,4.0,0.1,14.8,-19.8,-6.2,-2.0,-0.1,9.8,264.7,16:42:06,57.500000,33.385422,-117.495522,14,N/A,1.9,FALSE,FALSE,FALSE,0.0,0.0,0.0
21,1083,00:00:23,F,LAUNCH_PAD,-0.8,24.4,101.2,4.0,0.1,11.9,-8.4,11.1,-2.3,0.3,8.7,264.1,16:42:07,57.400002,33.385422,-117.495522,14,N/A,1.9,FALSE,FALSE,FALSE,0.0,0.0,0.0
22,1083,00:00:24,F,LAUNCH_PAD,-0.5,24.4,101.2,4.0,0.0,-10.3,-25.8,0.6,-2.4,0.3,10.1,265.9,16:42:08,57.400002,33.385422,-117.495522,14,N/A,1.9,FALSE,FALSE,FALSE,0.0,0.0,0.0
23,1083,00:00:25,F,LAUNCH_PAD,-0.6,24.4,101.2,4.0,0.1,11.0,-32.4,3.0,0.2,-0.8,8.8,294.1,16:42:09,57.500000,33.385426,-117.495522,14,N/A,1.9,FALSE,FALSE,FALSE,0.0,0.0,0.0
24,1083,00:00:26,F,LAUNCH_PAD,-0.7,24.5,101.2,4.0,0.1,-41.4,16.8,40.2,-1.6,1.0,10.2,286.1,16:42:10,57.500000,33.385429,-117.495522,13,N/A,1.9,FALSE,FALSE,FALSE,0.0,0.0,0.0
25,1083,00:00:27,F,LAUNCH_PAD,-0.2,24.5,101.2,4.0,0.1,-7.1,-16.6,4.8,-0.0,-1.5,9.9,255.3,16:42:11,57.500000,33.385433,-117.495522,14,N/A,1.9,FALSE,FALSE,FALSE,0.0,0.0,0.0
26,1083,00:00:28,F,LAUNCH_PAD,0.3,24.4,101.2,4.0,0.1,-19.1,38.9,-1.8,-0.2,-2.0,9.2,251.9,16:42:12,57.500000,33.385433,-117.495529,14,N/A,1.9,FALSE,FALSE,FALSE,0.0,0.0,0.0
27,1083,00:00:29,F,LAUNCH_PAD,-0.8,24.5,101.2,4.0,0.1,7.3,3.6,-4.3,-0.9,-1.3,9.7,251.1,16:42:13,57.500000,33.385437,-117.495529,14,N/A,1.9,FALSE,FALSE,FALSE,0.0,0.0,0.0
28,1083,00:00:30,F,LAUNCH_PAD,-0.3,24.6,101.2,4.0,0.1,6.2,-18.7,6.4,-5.2,-2.3,7.6,236.9,16:42:14,57.500000,33.385437,-117.495529,14,N/A,1.9,FALSE,FALSE,FALSE,0.0,0.0,0.0
29,1083,00:00:31,F,LAUNCH_PAD,-0.6,24.6,101.2,4.0,0.1,-13.3,3.4,-10.9,-7.2,-2.6,8.4,213.6,16:42:15,57.500000,33.385441,-117.495529,14,N/A,1.9,FALSE,FALSE,FALSE,0.0,0.0,0.0
30,1083,00:00:32,F,LAUNCH_PAD,-0.6,24.6,101.2,4.0,0.1,-27.8,34.1,26.3,-5.9,0.3,6.4,212.4,16:42:16,57.500000,33.385441,-117.495529,14,N/A,1.9,FALSE,FALSE,FALSE,0.0,0.0,0.0
31,1083,00:00:33,F,LAUNCH_PAD,-0.2,24.6,101.2,4.0,0.1,-29.4,31.5,14.3,-7.1,-1.3,6.9,190.1,16:42:17,57.500000,33.385437,-117.495529,14,N/A,1.9,FALSE,FALSE,FALSE,0.0,0.0,0.0
32,1083,00:00:34,F,LAUNCH_PAD,-0.1,24.6,101.2,4.0,0.1,-27.9,85.4,-28.6,-7.8,-2.7,5.1,2.1,16:42:18,57.500000,33.385437,-117.495529,14,N/A,1.9,FALSE,FALSE,FALSE,0.0,0.0,0.0
33,1083,00:00:35,F,LAUNCH_PAD,-0.7,24.6,101.2,4.0,0.1,6.9,-0.5,3.8,-9.8,-2.0,2.7,345.1,16:42:19,57.500000,33.385437,-117.495529,14,N/A,1.9,FALSE,FALSE,FALSE,0.0,0.0,0.0
34,1083,00:00:36,F,LAUNCH_PAD,-0.2,24.6,101.2,4.0,0.1,14.4,-3.9,-1.7,-9.2,-2.8,0.2,354.2,16:42:20,57.500000,33.385437,-117.495537,14,N/A,1.9,FALSE,FALSE,FALSE,0.0,0.0,0.0
35,1083,00:00:37,F,LAUNCH_PAD,-0.4,24.7,101.2,4.0,0.1,41.7,19.9,18.8,-10.1,-0.6,0.4,14.4,16:42:21,57.500000,33.385437,-117.495537,14,N/A,1.9,FALSE,FALSE,FALSE,0.0,0.0,0.0
36,1083,00:00:38,F,LAUNCH_PAD,-0.0,24.7,101.2,4.0,0.1,3.6,-5.6,-0.9,-9.2,-1.1,-0.6,10.3,16:42:22,57.500000,33.385437,-117.495537,14,N/A,1.9,FALSE,FALSE,FALSE,0.0,0.0,0.0
37,1083,00:00:39,F,LAUNCH_PAD,0.2,24.7,101.2,4.0,0.1,-14.4,-51.9,-18.1,-9.4,-1.4,1.8,20.8,16:42:23,57.500000,33.385437,-117.495537,14,N/A,1.9,FALSE,FALSE,FALSE,0.0,0.0,0.0
38,1083,00:00:40,F,LAUNCH_PAD,0.3,24.7,101.2,4.0,0.1,-62.1,-2.6,-6.4,-8.0,-3.0,1.5,5.2,16:42:24,57.500000,33.385433,-117.495537,14,N/A,1.9,FALSE,FALSE,FALSE,0.0,0.0,0.0
39,1083,00:00:41,F,LAUNCH_PAD,0.6,24.7,101.2,4.0,0.1,56.6,3.4,94.5,-9.6,0.4,-1.5,358.7,16:42:25,57.500000,33.385433,-117.495537,14,N/A,1.9,FALSE,FALSE,FALSE,0.0,0.0,0.0
40,1083,00:00:42,F,LAUNCH_PAD,0.5,24.8,101.2,4.0,0.1,74.6,65.7,71.9,-2.6,2.6,-2.0,9.6,16:42:26,57.400002,33.385433,-117.495537,14,N/A,1.9,FALSE,FALSE,FALSE,0.0,0.0,0.0
41,1083,00:00:43,F,LAUNCH_PAD,0.5,24.8,101.2,4.0,0.1,6.3,68.4,63.8,-7.4,0.6,-0.7,13.1,16:42:27,57.400002,33.385433,-117.495537,14,N/A,1.9,FALSE,FALSE,FALSE,0.0,0.0,0.0
42,1083,00:00:44,F,LAUNCH_PAD,1.5,24.8,101.1,4.0,0.1,9.3,9.1,8.1,-1.5,0.9,0.1,10.0,16:42:28,57.400002,33.385433,-117.495537,14,N/A,1.9,FALSE,FALSE,FALSE,0.0,0.0,0.0
43,1083,00:00:45,F,LAUNCH_PAD,0.3,24.8,101.2,4.0,0.1,11.6,-47.1,-39.5,-8.6,1.6,1.4,3.6,16:42:29,57.500000,33.385433,-117.495537,14,N/A,1.9,FALSE,FALSE,FALSE,0.0,0.0,0.0
44,1083,00:00:46,F,LAUNCH_PAD,-0.1,24.8,101.2,4.0,0.1,-2.2,28.6,15.1,-9.6,-0.4,2.9,8.5,16:42:30,57.500000,33.385433,-117.495537,14,N/A,1.9,FALSE,FALSE,FALSE,0.0,0.0,0.0
45,1083,00:00:47,F,LAUNCH_PAD,-0.0,24.8,101.2,4.0,0.1,3.3,11.1,6.3,-9.5,0.4,2.0,10.8,16:42:31,57.500000,33.385433,-117.495537,14,N/A,1.9,FALSE,FALSE,FALSE,0.0,0.0,0.0
46,1083,00:00:48,F,LAUNCH_PAD,0.7,24.8,101.2,4.0,0.1,-2.8,-1.7,0.1,-9.5,0.1,0.8,11.7,16:42:32,57.500000,33.385429,-117.495537,14,N/A,1.9,FALSE,FALSE,FALSE,0.0,0.0,0.0
47,1083,00:00:49,F,LAUNCH_PAD,0.6,24.8,101.2,4.0,0.1,2.2,-5.4,-9.1,-10.6,0.9,-0.5,11.0,16:42:33,57.500000,33.385429,-117.495537,14,DROP!!!,1.9,FALSE,FALSE,FALSE,0.0,0.0,0.0
48,1083,00:00:50,F,LAUNCH_PAD,1.2,24.9,101.1,4.0,0.1,-11.2,2.3,-0.7,-9.4,-0.4,1.7,4.4,16:42:34,57.500000,33.385426,-117.495537,14,DROP!!!,1.9,FALSE,FALSE,FALSE,0.0,0.0,0.0
49,1083,00:00:51,F,LAUNCH_PAD,0.1,24.9,101.2,4.0,0.1,-31.9,-11.4,14.3,-5.2,0.9,2.8,6.3,16:42:35,57.599998,33.385426,-117.495537,14,DROP!!!,1.9,FALSE,FALSE,FALSE,0.0,0.0,0.0
50,1083,00:00:52,F,LAUNCH_PAD,0.3,24.9,101.2,4.0,0.0,1.7,4.1,-4.1,-3.4,5.7,-2.5,2.1,16:42:36,57.599998,33.385426,-117.495537,14,DROP!!!,1.9,TRUE,FALSE,FALSE,0.0,0.0,0.0
51,1083,00:00:53,F,LAUNCH_PAD,0.8,24.9,101.2,4.0,0.0,8.9,-5.1,4.4,-9.9,0.6,1.3,2.4,16:42:37,57.700001,33.385426,-117.495537,14,DROP!!!,1.9,TRUE,FALSE,FALSE,0.0,0.0,0.0
52,1083,00:00:54,F,LAUNCH_PAD,-0.0,24.9,101.2,4.0,0.0,-0.1,-8.2,2.0,-9.0,0.5,1.1,12.2,16:42:38,57.700001,33.385426,-117.495537,14,DROP!!!,1.9,TRUE,FALSE,FALSE,0.0,0.0,0.0
53,1083,00:00:55,F,LAUNCH_PAD,0.5,24.9,101.2,4.0,0.0,-3.8,3.2,-12.7,-9.2,-0.5,0.1,18.2,16:42:39,57.700001,33.385422,-117.495537,14,DROP!!!,1.9,TRUE,FALSE,FALSE,0.0,0.0,0.0
54,1083,00:00:56,F,LAUNCH_PAD,0.6,24.9,101.2,3.9,0.4,4.9,-11.4,-0.9,-9.5,-1.2,0.3,30.6,16:42:40,57.700001,33.385422,-117.495537,14,DROP!!!,1.9,TRUE,FALSE,FALSE,0.0,0.0,0.0
55,1083,00:00:57,F,LAUNCH_PAD,0.6,24.9,101.2,4.0,0.0,-13.2,-6.5,5.3,-9.4,0.2,0.9,19.6,16:42:41,57.700001,33.385422,-117.495537,14,DROP!!!,1.9,TRUE,FALSE,FALSE,0.0,0.0,0.0
56,1083,00:00:58,F,LAUNCH_PAD,0.4,24.9,101.2,4.0,0.2,35.2,23.9,-34.1,-9.0,0.1,4.1,34.6,16:42:42,57.700001,33.385422,-117.495537,14,DROP!!!,1.9,TRUE,FALSE,FALSE,0.0,0.0,0.0
57,1083,00:00:59,F,LAUNCH_PAD,0.3,25.0,101.2,4.0,0.0,-77.1,-5.9,-0.9,-9.8,1.8,2.1,346.9,16:42:43,57.700001,33.385422,-117.495537,14,DROP!!!,1.9,TRUE,FALSE,FALSE,0.0,0.0,0.0
58,1083,00:01:00,F,LAUNCH_PAD,0.2,25.0,101.2,4.0,0.0,21.9,14.5,41.0,-9.1,3.7,1.9,335.8,16:42:44,57.700001,33.385418,-117.495537,14,DROP!!!,1.9,TRUE,FALSE,FALSE,0.0,0.0,0.0
59,1083,00:01:01,F,LAUNCH_PAD,-0.0,25.0,101.2,4.0,0.0,18.1,-10.6,6.1,-9.0,2.9,1.4,340.1,16:42:45,57.700001,33.385422,-117.495537,14,DROP!!!,1.9,TRUE,FALSE,FALSE,0.0,0.0,0.0
60,1083,00:01:02,F,LAUNCH_PAD,-0.0,24.9,101.2,3.9,0.2,11.1,21.8,-5.1,-8.5,1.5,3.0,349.8,16:42:46,57.700001,33.385422,-117.495537,14,DROP!!!,1.9,TRUE,FALSE,FALSE,0.0,0.0,0.0
61,1083,00:01:03,F,LAUNCH_PAD,-0.1,25.0,101.2,4.0,0.0,-21.0,29.8,60.8,-5.7,6.5,3.0,333.8,16:42:47,57.700001,33.385422,-117.495537,14,DROP!!!,1.9,TRUE,FALSE,FALSE,0.0,0.0,0.0
62,1083,00:01:04,F,LAUNCH_PAD,0.1,25.0,101.2,3.9,0.2,4.3,-0.1,6.2,-9.6,-1.2,-0.3,333.4,16:42:48,57.700001,33.385422,-117.495537,14,DROP!!!,1.9,TRUE,FALSE,FALSE,0.0,0.0,0.0
63,1083,00:01:05,F,LAUNCH_PAD,-0.4,25.0,101.2,4.0,0.0,15.5,-11.4,5.1,-9.4,0.0,-0.7,342.7,16:42:49,57.700001,33.385418,-117.495537,14,DROP!!!,1.9,TRUE,FALSE,FALSE,0.0,0.0,0.0
64,1083,00:01:06,F,LAUNCH_PAD,-0.4,25.0,101.2,4.0,0.2,19.8,2.1,4.8,-8.7,-2.0,-0.8,6.9,16:42:50,57.599998,33.385418,-117.495537,14,DROP!!!,1.9,TRUE,FALSE,FALSE,0.0,0.0,0.0
65,1083,00:01:07,F,LAUNCH_PAD,-0.1,25.0,101.2,4.0,0.0,-59.8,16.6,31.9,-10.8,-1.1,-0.3,27.9,16:42:51,57.799999,33.385418,-117.495537,14,DROP!!!,1.9,TRUE,FALSE,FALSE,0.0,0.0,0.0
66,1083,00:01:08,F,LAUNCH_PAD,-0.5,25.0,101.2,4.0,0.0,-20.2,134.7,124.6,-10.1,5.5,-6.2,5.3,16:42:52,57.799999,33.385418,-117.495537,14,DROP!!!,1.9,TRUE,FALSE,FALSE,0.0,0.0,0.0
67,1083,00:01:09,F,LAUNCH_PAD,-0.3,25.0,101.2,4.0,0.0,49.8,-18.4,-26.0,13.4,10.3,-2.5,247.1,16:42:52,57.799999,33.385418,-117.495537,14,DROP!!!,1.9,TRUE,FALSE,FALSE,0.0,0.0,0.0
68,1083,00:01:10,F,LAUNCH_PAD,-0.3,25.0,101.2,4.0,0.0,6.6,-49.6,-40.1,9.9,1.8,-3.2,234.4,16:42:53,57.799999,33.385422,-117.495537,14,DROP!!!,1.9,TRUE,FALSE,FALSE,0.0,0.0,0.0
69,1083,00:01:11,F,LAUNCH_PAD,-0.3,25.0,101.2,4.0,0.0,26.9,-34.0,15.4,10.1,4.4,-1.4,220.3,16:42:54,57.799999,33.385418,-117.495537,14,DROP!!!,1.9,TRUE,FALSE,FALSE,0.0,0.0,0.0
70,1083,00:01:12,F,LAUNCH_PAD,-0.3,25.0,101.2,4.0,0.0,-46.4,-64.6,-14.4,7.2,3.0,-4.0,235.8,16:42:55,57.799999,33.385418,-117.495537,14,DROP!!!,1.9,TRUE,FALSE,FALSE,0.0,0.0,0.0
71,1083,00:01:13,F,LAUNCH_PAD,0.1,25.1,101.2,4.0,0.1,49.1,54.8,27.4,-9.2,-1.9,2.0,5.6,16:42:57,57.700001,33.385418,-117.495537,14,DROP!!!,1.9,TRUE,FALSE,FALSE,0.0,0.0,0.0
72,1083,00:01:14,F,LAUNCH_PAD,-0.9,25.1,101.2,4.0,0.2,-5.0,-6.7,-7.2,-9.6,-1.1,1.4,22.0,16:42:58,57.700001,33.385418,-117.495537,14,DROP!!!,1.9,TRUE,FALSE,FALSE,0.0,0.0,0.0
73,1083,00:01:15,F,LAUNCH_PAD,-0.1,25.1,101.2,4.0,0.0,-18.1,-5.1,10.9,-7.6,-3.9,4.3,355.2,16:42:59,57.700001,33.385418,-117.495537,14,DROP!!!,1.9,TRUE,FALSE,FALSE,0.0,0.0,0.0
74,1083,00:01:16,F,LAUNCH_PAD,-0.3,25.1,101.2,3.9,0.2,11.7,9.4,-1.8,-8.2,-3.7,3.0,6.0,16:43:00,57.700001,33.385414,-117.495529,14,DROP!!!,1.9,TRUE,FALSE,FALSE,0.0,0.0,0.0
75,1083,00:01:17,F,LAUNCH_PAD,-0.2,25.1,101.2,4.0,0.0,19.6,-17.9,-18.5,-8.3,-3.6,3.9,15.7,16:00:00,57.799999,33.385414,-117.495529,14,DROP!!!,1.9,TRUE,FALSE,FALSE,0.0,0.0,0.0
76,1083,00:01:18,F,LAUNCH_PAD,-0.4,25.0,101.2,3.9,0.4,-5.8,-12.9,-4.1,-7.8,-3.8,4.3,358.5,16:43:02,57.799999,33.385414,-117.495529,14,DROP!!!,1.9,TRUE,FALSE,FALSE,0.0,0.0,0.0
77,1083,00:01:19,F,LAUNCH_PAD,-0.3,25.1,101.2,4.0,0.0,-2.7,-0.6,-0.7,-7.9,-4.2,3.9,356.3,16:43:03,57.700001,33.385410,-117.495529,14,DROP!!!,1.9,TRUE,FALSE,FALSE,0.0,0.0,0.0
78,1083,00:01:20,F,LAUNCH_PAD,-0.4,25.0,101.2,4.0,0.0,-0.9,4.9,-4.4,-8.0,-4.2,4.2,357.9,16:43:04,57.700001,33.385410,-117.495529,14,DROP!!!,1.9,TRUE,FALSE,FALSE,0.0,0.0,0.0
79,1083,00:01:21,F,LAUNCH_PAD,-0.1,25.0,101.2,4.0,0.0,0.6,16.9,0.4,-9.2,-2.1,2.1,5.6,16:43:05,57.700001,33.385410,-117.495529,14,DROP!!!,1.9,TRUE,FALSE,FALSE,0.0,0.0,0.0
80,1083,00:01:22,F,LAUNCH_PAD,-0.2,25.1,101.2,3.9,0.2,-0.9,-0.3,1.9,-9.4,-2.3,0.8,2.9,16:43:06,57.700001,33.385410,-117.495537,14,DROP!!!,1.9,TRUE,FALSE,FALSE,0.0,0.0,0.0
81,1083,00:01:23,F,LAUNCH_PAD,-0.8,25.1,101.2,4.0,0.0,-1.8,-0.1,2.0,-9.5,-1.9,0.7,0.7,16:43:07,57.700001,33.385414,-117.495537,14,DROP!!!,1.9,TRUE,FALSE,FALSE,0.0,0.0,0.0
82,1083,00:01:24,F,LAUNCH_PAD,-0.6,25.1,101.2,4.0,0.1,-0.8,-0.8,0.9,-9.7,-2.0,0.9,0.6,16:43:08,57.700001,33.385410,-117.495537,14,DROP!!!,1.9,TRUE,FALSE,FALSE,0.0,0.0,0.0
83,1083,00:01:25,F,LAUNCH_PAD,-0.2,25.1,101.2,4.0,0.0,-4.0,1.1,0.9,-9.6,-1.8,0.7,0.0,16:43:09,57.700001,33.385414,-117.495537,14,DROP!!!,1.9,TRUE,FALSE,FALSE,0.0,0.0,0.0
84,1083,00:01:26,F,LAUNCH_PAD,-0.4,25.1,101.2,3.9,0.2,-12.6,8.9,9.8,-9.8,-1.3,0.7,359.4,16:43:10,57.900002,33.385414,-117.495537,14,DROP!!!,1.9,TRUE,FALSE,FALSE,0.0,0.0,0.0
85,1083,00:01:27,F,LAUNCH_PAD,-0.5,25.1,101.2,4.0,0.0,0.2,-1.2,-0.4,-9.6,-1.6,0.4,358.7,16:43:11,57.799999,33.385414,-117.495537,14,DROP!!!,1.9,TRUE,FALSE,FALSE,0.0,0.0,0.0
86,1083,00:01:28,F,LAUNCH_PAD,-0.3,25.1,101.2,3.9,0.2,-1.8,0.4,0.9,-9.4,-1.6,0.4,357.5,16:43:12,57.700001,33.385410,-117.495537,14,DROP!!!,1.9,TRUE,FALSE,FALSE,0.0,0.0,0.0
87,1083,00:01:29,F,LAUNCH_PAD,-0.4,25.1,101.2,4.0,0.0,-34.1,3.5,-2.1,-9.4,-1.9,0.5,348.2,16:43:13,57.500000,33.385410,-117.495537,14,DROP!!!,1.9,TRUE,FALSE,FALSE,0.0,0.0,0.0
88,1083,00:01:30,F,LAUNCH_PAD,0.2,25.1,101.2,3.9,0.3,-1.4,6.5,-27.7,-7.4,1.5,0.3,335.2,16:43:14,57.500000,33.385410,-117.495529,14,DROP!!!,1.9,TRUE,FALSE,FALSE,0.0,0.0,0.0
89,1083,00:01:31,F,LAUNCH_PAD,0.2,25.1,101.2,4.0,0.0,-7.5,1.4,-16.7,-9.0,-1.0,-0.5,331.6,16:43:15,57.500000,33.385410,-117.495537,14,DROP!!!,1.9,TRUE,FALSE,FALSE,0.0,0.0,0.0
90,1083,00:01:32,F,LAUNCH_PAD,0.5,25.1,101.2,4.0,0.2,18.2,4.3,-67.6,-8.9,-1.7,0.7,351.2,16:43:16,57.500000,33.385410,-117.495529,14,DROP!!!,1.9,TRUE,FALSE,FALSE,0.0,0.0,0.0
91,1083,00:01:33,F,LAUNCH_PAD,-0.0,25.1,101.2,4.0,0.0,-0.6,-12.2,22.8,-10.3,-2.0,3.8,26.1,16:43:17,57.500000,33.385410,-117.495537,14,DROP!!!,1.9,TRUE,FALSE,FALSE,0.0,0.0,0.0
92,1083,00:01:34,F,LAUNCH_PAD,-0.1,25.1,101.2,4.0,0.0,-12.9,6.3,9.8,-9.2,-4.2,3.2,20.3,16:43:18,57.500000,33.385410,-117.495537,14,DROP!!!,1.9,TRUE,FALSE,FALSE,0.0,0.0,0.0
93,1083,00:01:35,F,LAUNCH_PAD,0.4,25.1,101.2,4.0,0.0,-2.4,11.6,0.9,-8.8,-3.1,2.9,25.1,16:43:19,57.500000,33.385410,-117.495537,14,DROP!!!,1.9,TRUE,FALSE,FALSE,0.0,0.0,0.0
94,1083,00:01:36,F,LAUNCH_PAD,-0.3,25.1,101.2,3.9,0.3,-12.9,-1.3,-10.8,-8.2,-3.3,3.7,24.8,16:43:20,57.299999,33.385414,-117.495529,13,DROP!!!,1.9,TRUE,FALSE,FALSE,0.0,0.0,0.0
95,1083,00:01:37,F,LAUNCH_PAD,-0.1,25.1,101.2,4.0,0.0,5.0,18.2,5.8,-8.2,-3.3,3.5,21.2,16:43:21,57.299999,33.385414,-117.495529,14,DROP!!!,1.9,TRUE,FALSE,FALSE,0.0,0.0,0.0
96,1083,00:01:38,F,LAUNCH_PAD,-0.0,25.1,101.2,3.9,0.2,-3.8,15.8,-1.9,-8.5,-3.3,3.1,26.4,16:43:22,57.299999,33.385410,-117.495529,14,DROP!!!,1.9,TRUE,FALSE,FALSE,0.0,0.0,0.0
97,1083,00:01:39,F,LAUNCH_PAD,-0.3,25.1,101.2,4.0,0.0,-10.8,-10.1,-0.1,-8.7,-3.3,2.7,23.2,16:43:23,57.200001,33.385414,-0.110000,14,DROP!!!,1.9,TRUE,FALSE,FALSE,0.0,0.0,0.0
98,1083,00:01:40,F,LAUNCH_PAD,-0.6,25.1,101.2,4.0,0.1,0.9,-1.4,2.8,-9.0,-3.2,2.9,20.2,16:43:24,57.299999,33.385410,-117.495529,14,DROP!!!,1.9,TRUE,FALSE,FALSE,0.0,0.0,0.0
99,1083,00:01:41,F,LAUNCH_PAD,0.2,25.1,101.2,4.0,0.0,-7.2,15.1,-6.7,-9.0,-3.2,2.8,19.2,16:43:25,57.599998,33.385414,-117.495537,14,DROP!!!,1.9,TRUE,FALSE,FALSE,0.0,0.0,0.0
100,1083,00:01:42,F,LAUNCH_PAD,-0.5,25.1,101.2,4.0,0.1,-0.5,3.8,2.8,-9.0,-3.6,2.1,16.4,16:43:26,57.400002,33.385410,-117.495529,14,DROP!!!,1.9,TRUE,FALSE,FALSE,0.0,0.0,0.0
101,1083,00:01:43,F,LAUNCH_PAD,0.8,25.1,101.2,4.0,0.0,3.2,-2.6,1.6,-8.8,-3.5,2.6,18.4,16:43:27,57.200001,33.385410,-117.495529,14,DROP!!!,1.9,TRUE,FALSE,FALSE,0.0,0.0,0.0
102,1083,00:01:44,F,LAUNCH_PAD,-0.1,25.1,101.2,3.9,0.2,-2.5,14.2,1.8,-9.0,-3.1,3.8,17.9,16:43:28,57.200001,33.385414,-117.495529,14,DROP!!!,1.9,TRUE,FALSE,FALSE,0.0,0.0,0.0
103,1083,00:01:45,F,LAUNCH_PAD,-0.6,25.1,101.2,4.0,0.0,-13.7,-26.9,-14.7,-8.5,-3.6,3.3,19.2,16:43:29,57.099998,33.385414,-117.495529,14,DROP!!!,1.9,TRUE,FALSE,FALSE,0.0,0.0,0.0
104,1083,00:01:46,F,LAUNCH_PAD,-0.3,25.1,101.2,3.9,0.3,-5.4,-2.5,2.6,-8.8,-3.1,2.8,19.5,16:43:30,57.200001,33.385414,-117.495529,13,DROP!!!,1.9,TRUE,FALSE,FALSE,0.0,0.0,0.0
105,1083,00:01:47,F,LAUNCH_PAD,0.2,25.2,101.2,4.0,0.0,11.7,-3.8,-39.8,-8.7,-4.0,4.0,24.2,16:43:31,57.299999,33.385414,-117.495529,13,DROP!!!,1.9,TRUE,FALSE,FALSE,0.0,0.0,0.0
106,1083,00:01:48,F,LAUNCH_PAD,-0.8,25.2,101.2,3.9,0.2,-6.8,8.1,13.1,-9.1,-1.3,1.8,22.4,16:43:32,57.599998,33.385414,-117.495537,14,DROP!!!,1.9,TRUE,FALSE,FALSE,0.0,0.0,0.0
107,1083,00:01:49,F,LAUNCH_PAD,-0.6,25.2,101.2,4.0,0.0,1.3,16.8,-16.6,-9.0,-2.0,1.8,22.7,16:43:33,57.500000,33.385414,-117.495537,14,DROP!!!,1.9,TRUE,FALSE,FALSE,0.0,0.0,0.0
108,1083,00:01:50,F,LAUNCH_PAD,0.0,25.2,101.2,4.0,0.1,1.2,7.7,4.0,-8.9,-1.9,3.4,21.8,16:43:34,57.500000,33.385414,-117.495537,14,DROP!!!,1.9,TRUE,FALSE,FALSE,0.0,0.0,0.0
109,1083,00:01:51,F,LAUNCH_PAD,-0.3,25.2,101.2,4.0,0.0,-1.1,3.0,2.2,-9.7,-1.0,1.2,32.2,16:43:35,57.500000,33.385414,-117.495537,13,DROP!!!,1.9,TRUE,FALSE,FALSE,0.0,0.0,0.0
110,1083,00:01:52,F,LAUNCH_PAD,-0.6,25.2,101.2,4.0,0.0,-0.8,2.6,6.2,-9.5,-0.8,0.6,34.0,16:43:36,57.500000,33.385414,-117.495537,13,DROP!!!,1.9,TRUE,FALSE,FALSE,0.0,0.0,0.0
111,1083,00:01:53,F,LAUNCH_PAD,-0.4,25.2,101.2,4.0,0.0,-8.1,0.0,-0.2,-9.6,-0.6,0.2,25.6,16:43:37,57.799999,33.385414,-117.495537,13,DROP!!!,1.9,TRUE,FALSE,FALSE,0.0,0.0,0.0
112,1083,00:01:54,F,LAUNCH_PAD,-0.3,25.2,101.2,3.9,0.2,-1.4,0.8,1.8,-9.7,-0.6,0.3,21.6,16:43:38,57.799999,33.385414,-117.495537,13,DROP!!!,1.9,TRUE,FALSE,FALSE,0.0,0.0,0.0
113,1083,00:01:55,F,LAUNCH_PAD,-0.2,25.3,101.2,4.0,0.0,4.0,0.0,2.5,-9.6,-0.4,0.5,24.1,16:43:39,57.700001,33.385410,-117.495537,13,DROP!!!,1.9,TRUE,FALSE,FALSE,0.0,0.0,0.0
114,1083,00:01:56,F,LAUNCH_PAD,-0.0,25.2,101.2,3.9,0.4,5.8,-4.7,-5.4,-9.7,-0.5,0.4,24.6,16:43:40,57.599998,33.385410,-117.495537,13,DROP!!!,1.9,TRUE,FALSE,FALSE,0.0,0.0,0.0
115,1083,00:01:57,F,LAUNCH_PAD,-0.8,25.3,101.2,4.0,0.0,0.2,-0.8,0.1,-9.5,-1.0,0.5,25.9,16:43:41,57.500000,33.385410,-117.495537,13,DROP!!!,1.9,TRUE,FALSE,FALSE,0.0,0.0,0.0
116,1083,00:01:58,F,LAUNCH_PAD,0.3,25.2,101.2,4.0,0.0,0.4,-0.2,0.6,-9.6,-0.9,0.6,25.6,16:43:42,57.599998,33.385406,-117.495544,13,DROP!!!,1.9,TRUE,FALSE,FALSE,0.0,0.0,0.0
117,1083,00:01:59,F,LAUNCH_PAD,-0.3,25.2,101.2,4.0,0.0,1.4,-0.2,2.2,-9.7,-0.8,0.6,25.9,16:43:43,57.500000,33.385410,-117.495537,14,DROP!!!,1.9,TRUE,FALSE,FALSE,0.0,0.0,0.0
118,1083,00:02:00,F,LAUNCH_PAD,-0.5,25.2,101.2,4.0,0.0,-22.9,7.2,-1.4,-10.1,-0.8,-1.0,15.7,16:43:44,57.599998,33.385410,117.495537,14,DROP!!!,1.9,TRUE,FALSE,FALSE,0.0,0.0,0.0
119,1083,00:02:01,F,LAUNCH_PAD,-0.3,25.2,101.2,4.0,0.0,13.4,1.8,18.1,-8.8,1.2,-1.8,15.4,16:43:45,57.599998,33.385410,-117.495544,14,DROP!!!,1.9,TRUE,FALSE,FALSE,0.0,0.0,0.0
120,1083,00:02:02,F,LAUNCH_PAD,-0.1,25.3,101.2,3.9,0.2,29.9,6.1,-4.1,-8.4,1.3,-2.6,34.2,16:43:46,57.500000,33.385406,-117.495544,14,DROP!!!,1.9,TRUE,FALSE,FALSE,0.0,0.0,0.0
121,1083,00:02:03,F,LAUNCH_PAD,-0.4,25.3,101.2,4.0,0.0,6.1,-9.9,4.4,-8.8,0.5,-2.0,39.4,16:43:47,57.400002,33.385406,-117.495544,14,DROP!!!,1.9,TRUE,FALSE,FALSE,0.0,0.0,0.0
122,1083,00:02:04,F,LAUNCH_PAD,-0.9,25.3,101.2,3.9,0.2,14.4,-9.9,-30.0,-9.2,-0.3,-0.8,36.6,16:43:48,57.200001,33.385406,-117.495544,14,DROP!!!,1.9,TRUE,FALSE,FALSE,0.0,0.0,0.0
123,1083,00:02:05,F,LAUNCH_PAD,-0.3,25.3,101.2,4.0,0.1,-7.1,-11.8,13.2,-9.5,-0.1,0.1,33.1,16:43:49,57.299999,33.385403,-117.495552,14,DROP!!!,1.9,TRUE,FALSE,FALSE,0.0,0.0,0.0
124,1083,00:02:06,F,LAUNCH_PAD,-0.2,25.3,101.2,3.8,0.4,27.5,2.7,-5.8,-10.0,0.6,-1.6,61.5,16:43:50,57.299999,33.385403,-117.495552,14,DROP!!!,1.9,TRUE,FALSE,FALSE,0.0,0.0,0.0
125,1083,00:02:07,F,LAUNCH_PAD,-0.0,25.3,101.2,4.0,0.0,25.5,-6.2,7.9,-11.4,0.3,1.2,60.4,16:43:51,57.400002,33.385403,-117.489998,14,DROP!!!,1.9,TRUE,FALSE,FALSE,0.0,0.0,0.0
126,1083,00:02:08,F,LAUNCH_PAD,-0.2,25.3,101.2,4.0,0.0,-5.4,-6.2,-4.4,-10.0,0.2,1.0,61.1,16:43:52,57.299999,33.385403,-117.495552,14,DROP!!!,1.9,TRUE,FALSE,FALSE,0.0,0.0,0.0
127,1083,00:02:09,F,LAUNCH_PAD,-0.7,25.3,101.2,4.0,0.0,4.9,2.7,-2.1,-9.9,-0.6,-0.2,66.4,16:43:53,57.299999,33.385403,-117.495552,14,DROP!!!,1.9,TRUE,FALSE,FALSE,0.0,0.0,0.0
128,1083,00:02:10,F,LAUNCH_PAD,0.1,25.3,101.2,3.9,0.2,-7.4,-2.9,5.8,-9.7,-0.2,-0.6,58.6,16:43:54,57.299999,33.385403,-117.495552,14,DROP!!!,1.9,TRUE,FALSE,FALSE,0.0,0.0,0.0
129,1083,00:02:11,F,LAUNCH_PAD,-0.6,25.3,101.2,4.0,0.0,-1.1,-0.9,0.9,-9.7,-0.0,-0.2,57.4,16:43:55,57.200001,33.385403,-117.495552,14,DROP!!!,1.9,TRUE,FALSE,FALSE,0.0,0.0,0.0
130,1083,00:02:12,F,LAUNCH_PAD,-0.7,25.3,101.2,3.9,0.3,1.1,0.1,1.4,-9.6,0.2,-0.1,59.6,16:43:56,57.200001,33.385403,-117.495552,14,DROP!!!,1.9,TRUE,FALSE,FALSE,0.0,0.0,0.0
131,1083,00:02:13,F,LAUNCH_PAD,0.1,25.3,101.2,4.0,0.0,0.7,-1.8,2.1,-9.7,0.2,-0.0,61.8,16:43:57,57.200001,33.385403,-117.495552,14,DROP!!!,1.9,TRUE,FALSE,FALSE,0.0,0.0,0.0
132,1083,00:02:14,F,LAUNCH_PAD,-0.3,25.3,101.2,3.9,0.2,-7.8,-0.9,-2.9,-9.9,0.1,0.3,60.7,16:43:58,57.200001,33.385403,-117.495552,14,DROP!!!,1.9,TRUE,FALSE,FALSE,0.0,0.0,0.0
133,1083,00:02:15,F,LAUNCH_PAD,-0.2,25.3,101.2,4.0,0.0,-2.4,0.0,-0.8,-9.8,0.2,0.1,55.2,16:43:59,57.200001,33.385403,-117.495552,14,DROP!!!,1.9,TRUE,FALSE,FALSE,0.0,0.0,0.0
134,1083,00:02:16,F,LAUNCH_PAD,-0.4,25.3,101.2,3.9,0.2,4.4,2.6,1.4,-9.9,-0.7,0.8,50.2,16:44:00,57.200001,33.385403,-117.495552,14,DROP!!!,1.9,TRUE,FALSE,FALSE,0.0,0.0,0.0
135,1083,00:02:17,F,LAUNCH_PAD,-0.0,25.4,101.2,4.0,0.0,-12.1,-1.5,-1.9,-9.8,0.5,0.5,41.6,16:44:01,57.200001,33.385403,-117.495552,14,DROP!!!,1.9,TRUE,FALSE,FALSE,0.0,0.0,0.0
136,1083,00:02:18,F,LAUNCH_PAD,-0.3,25.4,101.2,3.9,0.2,-31.1,-2.6,-7.5,-9.6,0.8,0.5,26.9,16:44:02,57.200001,33.385403,-117.495552,14,DROP!!!,1.9,TRUE,FALSE,FALSE,0.0,0.0,0.0
137,1083,00:02:19,F,LAUNCH_PAD,-0.4,25.4,101.2,4.0,0.0,-11.2,57.9,-5.9,-10.9,0.6,-1.6,344.2,16:44:03,57.200001,33.385403,-117.495552,14,DROP!!!,1.9,TRUE,FALSE,FALSE,0.0,0.0,0.0
138,1083,00:02:20,F,LAUNCH_PAD,0.3,25.4,101.2,4.0,0.0,114.5,16.9,-69.8,-8.1,0.7,-4.1,328.6,16:44:04,57.200001,33.385403,-117.495552,14,DROP!!!,1.9,TRUE,FALSE,FALSE,0.0,0.0,0.0
139,1083,00:02:21,F,LAUNCH_PAD,0.3,25.4,101.2,4.0,0.0,-3.7,-25.8,-0.7,-10.2,-0.4,-1.1,334.6,16:44:05,57.200001,33.385403,-117.495560,14,DROP!!!,1.9,TRUE,FALSE,FALSE,0.0,0.0,0.0
140,1083,00:00:01,F,LAUNCH_PAD,0.7,24.8,101.2,4.0,0.1,-2.9,5.2,9.9,-4.7,-4.4,7.3,246.9,16:45:35,57.299999,33.385391,-117.495529,11,N/A,0.7,FALSE,FALSE,FALSE,0.0,0.0,0.0
141,1083,00:00:02,F,LAUNCH_PAD,-0.2,24.8,101.2,4.0,0.1,-3.2,2.5,5.0,-4.8,-4.5,6.8,244.2,16:45:36,57.299999,33.385395,-117.495522,11,N/A,0.7,FALSE,FALSE,FALSE,0.0,0.0,0.0
142,1083,00:00:03,F,LAUNCH_PAD,0.7,24.8,101.2,4.0,0.1,-0.6,-1.3,-0.6,-5.0,-4.4,6.9,242.8,16:45:37,57.299999,33.385406,-117.495522,11,N/A,0.7,FALSE,FALSE,FALSE,0.0,0.0,0.0
143,1083,00:00:04,F,LAUNCH_PAD,0.4,24.9,101.2,4.0,0.1,-0.2,1.9,1.6,-5.1,-4.3,6.9,242.6,16:45:38,57.299999,33.385414,-117.495522,12,N/A,0.7,FALSE,FALSE,FALSE,0.0,0.0,0.0
144,1083,00:00:05,F,LAUNCH_PAD,0.6,24.9,101.2,4.0,0.1,-3.4,-2.1,-1.6,-5.2,-4.2,6.5,356.9,16:45:39,57.200001,33.385426,-117.495529,12,N/A,0.8,FALSE,FALSE,FALSE,0.0,0.0,0.0
145,1083,00:00:06,F,LAUNCH_PAD,0.1,24.9,101.2,4.0,0.1,-1.6,2.2,2.9,-5.5,-4.4,6.6,355.6,16:45:40,57.200001,33.385433,-117.495529,12,N/A,0.8,FALSE,FALSE,FALSE,0.0,0.0,0.0
146,1083,00:00:07,F,LAUNCH_PAD,0.4,24.9,101.2,4.0,0.1,-9.5,46.4,23.4,-7.7,-3.2,3.4,354.2,16:45:41,57.200001,33.385441,-117.495537,11,N/A,0.8,FALSE,FALSE,FALSE,0.0,0.0,0.0
147,1083,00:00:08,F,LAUNCH_PAD,-0.1,25.0,101.2,4.0,0.1,-58.2,-28.8,-36.6,-2.0,-0.7,2.3,331.5,16:45:42,57.299999,33.385441,-117.495537,11,N/A,0.8,FALSE,FALSE,FALSE,0.0,0.0,0.0
148,1083,00:00:09,F,LAUNCH_PAD,0.5,24.9,101.2,4.0,0.1,22.3,12.7,6.4,-4.5,-6.7,7.9,299.2,16:45:43,57.299999,33.385445,-117.495537,11,N/A,0.8,FALSE,FALSE,FALSE,0.0,0.0,0.0
149,1083,00:00:10,F,LAUNCH_PAD,0.4,24.8,101.2,4.0,0.1,-4.7,87.4,67.9,-10.9,-6.7,2.8,5.8,16:45:44,57.200001,33.385441,-117.495537,10,N/A,0.8,FALSE,FALSE,FALSE,0.0,0.0,0.0
150,1083,00:00:11,F,LAUNCH_PAD,0.6,24.7,101.2,4.0,0.1,6.6,15.4,2.3,-0.6,-0.3,0.2,5.7,16:45:45,57.200001,33.385448,-117.495552,9,N/A,0.8,FALSE,FALSE,FALSE,0.0,0.0,0.0
151,1083,00:00:12,F,LAUNCH_PAD,-0.5,24.6,101.2,4.0,0.1,17.8,32.4,5.2,-9.9,-0.2,0.1,47.3,16:45:46,57.200001,33.385448,-117.495552,9,N/A,0.8,FALSE,FALSE,FALSE,0.0,0.0,0.0
152,1083,00:00:13,F,LAUNCH_PAD,-0.3,24.6,101.2,4.0,0.1,3.8,-1.8,-2.9,-9.3,-1.1,-1.3,41.6,16:45:47,57.200001,33.385452,-117.495560,10,N/A,0.8,FALSE,FALSE,FALSE,0.0,0.0,0.0
153,1083,00:00:14,F,LAUNCH_PAD,-0.4,24.6,101.2,4.0,0.1,11.4,-5.1,2.4,-9.2,-0.1,-0.9,71.6,16:45:48,57.299999,33.385456,-117.495560,9,N/A,0.8,FALSE,FALSE,FALSE,0.0,0.0,0.0
154,1083,00:00:15,F,LAUNCH_PAD,-0.3,24.7,101.2,4.0,0.1,-6.9,1.0,-3.4,-9.2,-0.7,0.2,70.2,16:45:49,57.400002,33.385452,-117.495552,9,N/A,0.8,FALSE,FALSE,FALSE,0.0,0.0,0.0
155,1083,00:00:16,F,LAUNCH_PAD,-0.3,24.7,101.2,4.0,0.1,-9.5,0.4,3.3,-9.3,-1.3,-0.4,57.1,16:45:50,57.299999,33.385448,-117.495544,10,N/A,0.8,FALSE,FALSE,FALSE,0.0,0.0,0.0
156,1083,00:00:17,F,LAUNCH_PAD,0.7,24.7,101.2,4.0,0.1,7.2,11.3,-8.2,-9.3,-2.0,-0.4,49.6,16:45:50,57.299999,33.385448,-117.495544,10,N/A,0.8,FALSE,FALSE,FALSE,0.0,0.0,0.0
157,1083,00:00:18,F,LAUNCH_PAD,-0.4,24.7,101.2,4.0,0.1,-0.8,-0.1,-4.5,-9.0,-1.8,0.7,61.2,16:45:52,57.299999,33.385448,-117.495544,8,N/A,0.8,FALSE,FALSE,FALSE,0.0,0.0,0.0
158,1083,00:00:19,F,LAUNCH_PAD,-0.1,24.7,101.2,4.0,0.1,1.8,0.1,3.6,-9.9,-1.7,0.5,63.3,16:45:53,57.299999,33.385445,-117.495537,11,N/A,0.8,FALSE,FALSE,FALSE,0.0,0.0,0.0
159,1083,00:00:20,F,LAUNCH_PAD,-0.5,24.7,101.2,4.0,0.1,-0.8,1.5,-2.1,-9.7,-1.1,-0.6,65.3,16:45:54,57.299999,33.385441,-117.495537,11,N/A,0.8,FALSE,FALSE,FALSE,0.0,0.0,0.0
160,1083,00:00:21,F,LAUNCH_PAD,0.3,24.8,101.2,4.0,0.1,6.1,6.7,8.9,-9.6,-1.3,-1.6,68.3,16:45:55,57.299999,33.385437,-117.495537,11,DROP!!!,0.8,FALSE,FALSE,FALSE,0.0,0.0,0.0
161,1083,00:00:22,F,LAUNCH_PAD,0.4,24.8,101.2,4.0,0.1,24.5,-7.9,-11.8,-10.1,-0.1,-0.8,75.0,16:45:56,57.299999,33.385433,-117.495537,11,DROP!!!,0.8,FALSE,FALSE,FALSE,0.0,0.0,0.0
162,1083,00:00:23,F,LAUNCH_PAD,0.6,24.8,101.2,4.0,0.1,-16.4,-3.3,-4.7,-9.6,-0.9,-0.7,59.4,16:45:57,57.299999,33.385429,-117.495529,11,DROP!!!,0.8,FALSE,FALSE,FALSE,0.0,0.0,0.0
163,1083,00:00:24,F,LAUNCH_PAD,-0.0,24.8,101.2,4.0,0.1,-30.9,0.1,-6.2,-9.5,-0.6,-0.8,48.2,16:45:58,57.299999,33.385429,-117.495529,11,DROP!!!,0.8,FALSE,FALSE,FALSE,0.0,0.0,0.0
164,1083,00:00:25,F,LAUNCH_PAD,0.7,24.8,101.2,4.0,0.1,49.8,13.1,12.5,-7.8,-2.5,3.4,56.7,16:45:59,57.299999,33.385429,-117.495529,11,DROP!!!,0.8,FALSE,FALSE,FALSE,0.0,0.0,0.0
165,1083,00:00:26,F,LAUNCH_PAD,0.4,24.8,101.2,4.0,0.1,38.5,-48.5,2.9,1.6,-0.2,2.6,67.1,16:46:00,57.299999,33.385429,-117.495529,11,DROP!!!,0.8,TRUE,FALSE,FALSE,0.0,0.0,0.0
166,1083,00:00:27,F,LAUNCH_PAD,-0.4,24.8,101.2,4.0,0.0,-2.8,-7.4,-9.1,-10.1,-0.8,0.3,74.1,16:46:01,57.299999,33.385429,-117.495529,12,DROP!!!,0.8,TRUE,FALSE,FALSE,0.0,0.0,0.0
167,1083,00:00:28,F,LAUNCH_PAD,-0.1,24.8,101.2,4.0,0.0,-4.1,8.8,7.1,-9.7,-0.6,0.5,67.6,16:46:02,57.299999,33.385426,-117.495529,12,DROP!!!,0.8,TRUE,FALSE,FALSE,0.0,0.0,0.0
168,1083,00:00:29,F,LAUNCH_PAD,0.4,24.7,101.2,3.9,0.2,9.4,3.4,2.6,-9.9,-0.6,0.0,73.3,16:46:03,57.299999,33.385422,-117.495529,12,DROP!!!,0.8,TRUE,FALSE,FALSE,0.0,0.0,0.0
169,1083,00:00:30,F,LAUNCH_PAD,0.6,24.7,101.2,4.0,0.1,2.7,-2.9,2.6,-10.0,-0.3,0.1,74.6,16:46:04,57.299999,33.385422,-117.495529,12,DROP!!!,0.8,TRUE,FALSE,FALSE,0.0,0.0,0.0
170,1083,00:00:31,F,LAUNCH_PAD,0.1,24.7,101.2,3.9,0.2,1.5,0.3,0.1,-9.8,-0.2,0.0,75.2,16:46:05,57.299999,33.385422,-117.495529,12,DROP!!!,0.8,TRUE,FALSE,FALSE,0.0,0.0,0.0
171,1083,00:00:32,F,LAUNCH_PAD,-0.0,24.7,101.2,4.0,0.0,0.8,0.6,0.4,-9.8,-0.3,-0.0,74.6,16:46:06,57.299999,33.385422,-117.495529,12,DROP!!!,0.8,TRUE,FALSE,FALSE,0.0,0.0,0.0
172,1083,00:00:33,F,LAUNCH_PAD,0.3,24.6,101.2,3.9,0.2,5.8,-24.9,-2.9,-11.2,-0.9,0.3,74.4,16:46:07,57.299999,33.385422,-117.495522,12,DROP!!!,0.8,TRUE,FALSE,FALSE,0.0,0.0,0.0
173,1083,00:00:34,F,LAUNCH_PAD,-0.4,24.6,101.2,4.0,0.0,18.5,-16.3,19.5,-9.6,-0.7,1.5,71.3,16:46:08,57.299999,33.385422,-117.495522,12,DROP!!!,0.8,TRUE,FALSE,FALSE,0.0,0.0,0.0
174,1083,00:00:35,F,LAUNCH_PAD,0.1,24.6,101.2,4.0,0.1,-17.3,-0.8,1.5,-9.7,-0.9,1.5,55.9,16:46:10,57.299999,33.385422,-117.495522,12,DROP!!!,0.8,TRUE,FALSE,FALSE,0.0,0.0,0.0
175,1083,00:00:36,F,LAUNCH_PAD,-0.7,24.6,101.2,4.0,0.0,3.4,-0.4,1.6,-9.7,-1.5,0.9,58.2,16:46:11,57.299999,33.385422,-117.495522,12,DROP!!!,0.8,TRUE,FALSE,FALSE,0.0,0.0,0.0
176,1083,00:00:37,F,LAUNCH_PAD,0.3,24.5,101.2,4.0,0.0,4.2,-5.2,-1.9,-9.9,-1.2,1.1,60.7,16:46:11,57.299999,33.385422,-117.495522,12,DROP!!!,0.8,TRUE,FALSE,FALSE,0.0,0.0,0.0
177,1083,00:00:38,F,LAUNCH_PAD,-0.4,24.5,101.2,4.0,0.0,18.7,-6.8,-10.1,-9.4,-1.5,1.6,64.9,16:46:13,57.299999,33.385422,-117.495522,11,DROP!!!,0.8,TRUE,FALSE,FALSE,0.0,0.0,0.0
178,1083,00:00:39,F,LAUNCH_PAD,-0.2,24.5,101.2,4.0,0.2,12.5,1.6,0.4,-9.6,-1.8,1.7,77.2,16:46:14,57.299999,33.385422,-117.495522,11,DROP!!!,0.8,TRUE,FALSE,FALSE,0.0,0.0,0.0
179,1083,00:00:40,F,LAUNCH_PAD,0.1,24.5,101.2,4.0,0.0,14.3,-4.3,-8.1,-9.1,-2.0,3.6,103.5,16:46:15,57.299999,33.385422,-117.495522,12,DROP!!!,0.8,TRUE,FALSE,FALSE,0.0,0.0,0.0
180,1083,00:00:41,F,LAUNCH_PAD,0.3,24.4,101.2,3.9,0.2,-6.1,-7.2,-0.0,-7.2,-4.7,3.9,103.5,16:46:16,57.299999,33.385422,-117.495522,12,DROP!!!,0.8,TRUE,FALSE,FALSE,0.0,0.0,0.0
181,1083,00:00:42,F,LAUNCH_PAD,-0.4,24.4,101.2,4.0,0.0,-18.0,-28.6,-19.1,-6.8,-4.8,4.3,99.9,16:46:16,57.299999,33.385422,-117.495522,12,DROP!!!,0.8,TRUE,FALSE,FALSE,0.0,0.0,0.0
182,1083,00:00:43,F,LAUNCH_PAD,-0.4,24.4,101.2,4.0,0.0,-0.8,-4.2,-5.8,-6.2,-4.3,5.8,100.1,16:46:17,57.299999,33.385422,-117.495522,12,DROP!!!,0.8,TRUE,FALSE,FALSE,0.0,0.0,0.0
183,1083,00:00:44,F,LAUNCH_PAD,0.1,24.4,101.2,4.0,0.0,-33.0,12.8,-14.4,-6.2,-7.0,-1.0,334.8,16:46:19,57.299999,33.385422,-117.495522,12,DROP!!!,0.8,TRUE,FALSE,FALSE,0.0,0.0,0.0
184,1083,00:00:45,F,LAUNCH_PAD,-0.3,24.3,101.2,4.0,0.1,-28.8,7.9,-0.2,-5.8,-6.4,-3.4,48.7,16:46:19,57.299999,33.385422,-117.495522,12,DROP!!!,0.8,TRUE,FALSE,FALSE,0.0,0.0,0.0
185,1083,00:00:46,F,LAUNCH_PAD,-0.3,24.3,101.2,4.0,0.1,18.4,-1.3,-11.8,-5.1,-8.1,0.5,338.8,16:46:19,57.299999,33.385422,-117.495522,12,DROP!!!,0.8,TRUE,FALSE,FALSE,0.0,0.0,0.0
186,1083,00:00:47,F,LAUNCH_PAD,-0.3,24.3,101.2,4.0,0.1,114.4,8.8,8.2,-4.5,-5.8,4.1,86.8,16:46:21,57.299999,33.385426,-117.495529,12,DROP!!!,0.8,TRUE,FALSE,FALSE,0.0,0.0,0.0
187,1083,00:00:48,F,LAUNCH_PAD,-0.3,24.3,101.2,4.0,0.1,64.8,-31.0,16.8,-5.0,1.7,8.5,296.6,16:46:22,57.200001,33.385426,-117.495529,12,DROP!!!,0.8,TRUE,FALSE,FALSE,0.0,0.0,0.0
188,1083,00:00:49,F,LAUNCH_PAD,-0.3,24.2,101.2,4.0,0.1,-58.9,37.8,-5.9,-4.7,4.7,7.9,278.4,16:46:23,57.200001,33.385429,-117.495529,11,DROP!!!,0.8,TRUE,FALSE,FALSE,0.0,0.0,0.0
189,1083,00:00:50,F,LAUNCH_PAD,-0.2,24.2,101.2,4.0,0.0,-12.8,-2.3,21.0,-6.6,-4.4,-4.7,49.1,16:46:25,57.299999,33.385429,-117.495529,11,DROP!!!,0.8,TRUE,FALSE,FALSE,0.0,0.0,0.0
190,1083,00:00:51,F,LAUNCH_PAD,0.3,24.2,101.2,4.0,0.2,19.2,7.9,-5.3,-7.6,-5.0,-4.5,54.8,16:46:26,57.299999,33.385426,-117.495529,11,DROP!!!,0.8,TRUE,FALSE,FALSE,0.0,0.0,0.0
191,1083,00:00:52,F,LAUNCH_PAD,0.1,24.2,101.2,4.0,0.0,-1.3,3.9,-15.8,-7.3,-5.4,-2.4,65.8,16:46:27,57.299999,33.385426,-117.495529,11,DROP!!!,0.8,TRUE,FALSE,FALSE,0.0,0.0,0.0
192,1083,00:00:53,F,LAUNCH_PAD,-0.3,24.3,101.2,3.9,0.4,-0.2,4.6,3.7,-7.6,-5.6,-3.0,64.2,16:46:28,57.299999,33.385426,-117.495529,12,DROP!!!,0.8,TRUE,FALSE,FALSE,0.0,0.0,0.0
193,1083,00:00:54,F,LAUNCH_PAD,0.1,24.3,101.2,4.0,0.1,0.6,-0.5,-0.2,-7.4,-5.5,-2.7,63.2,16:46:29,57.299999,33.385426,-117.495529,11,DROP!!!,0.8,TRUE,FALSE,FALSE,0.0,0.0,0.0
194,1083,00:00:55,F,LAUNCH_PAD,-0.2,24.2,101.2,3.9,0.3,-0.2,0.0,-0.2,-7.2,-5.1,-2.4,55.6,16:46:30,57.299999,33.385422,-117.495529,11,DROP!!!,0.8,TRUE,FALSE,FALSE,0.0,0.0,0.0
195,1083,00:00:56,F,LAUNCH_PAD,-0.0,24.2,101.2,4.0,0.0,-0.0,-0.4,1.9,-7.6,-5.8,-2.7,49.9,16:46:31,57.400002,33.385422,-117.495529,11,DROP!!!,0.8,TRUE,FALSE,FALSE,0.0,0.0,0.0
196,1083,00:00:57,F,LAUNCH_PAD,-0.3,24.3,101.2,4.0,0.1,-2.4,1.1,1.8,-7.5,-5.8,-2.2,50.7,16:46:32,57.400002,33.385422,-117.495529,11,DROP!!!,0.8,TRUE,FALSE,FALSE,0.0,0.0,0.0
197,1083,00:00:58,F,LAUNCH_PAD,-0.4,24.3,101.2,4.0,0.1,-1.6,-1.5,4.0,-7.5,-5.7,-2.1,51.1,16:46:32,57.400002,33.385422,-117.495529,11,DROP!!!,0.8,TRUE,FALSE,FALSE,0.0,0.0,0.0
198,1083,00:00:59,F,LAUNCH_PAD,0.4,24.3,101.2,4.0,0.3,1.3,2.3,-0.6,-7.9,-5.3,-1.8,51.0,16:46:33,57.400002,33.385422,-117.495529,11,DROP!!!,0.8,TRUE,FALSE,FALSE,0.0,0.0,0.0
199,1083,00:01:00,F,LAUNCH_PAD,-0.1,24.3,101.2,4.0,0.0,-1.1,-1.2,0.6,-7.7,-5.6,-1.7,52.1,16:46:34,57.500000,33.385422,-117.495529,11,DROP!!!,0.8,TRUE,FALSE,FALSE,0.0,0.0,0.0
200,1083,00:01:01,F,LAUNCH_PAD,-0.1,24.3,101.2,4.0,0.0,4.9,-7.6,0.2,-7.5,-5.6,-1.5,53.2,16:46:35,57.400002,33.385422,-117.495529,11,DROP!!!,0.8,TRUE,FALSE,FALSE,0.0,0.0,0.0
201,1083,00:01:02,F,LAUNCH_PAD,-0.0,24.3,101.2,4.0,0.1,0.1,-2.6,2.4,-7.9,-5.4,-1.1,51.6,16:46:37,57.400002,33.385418,-117.495529,12,DROP!!!,0.8,TRUE,FALSE,FALSE,0.0,0.0,0.0
202,1083,00:01:03,F,LAUNCH_PAD,-0.2,24.3,101.2,3.9,0.3,-2.1,1.8,3.3,-7.9,-5.4,-1.2,50.6,16:46:38,57.400002,33.385418,-117.495529,12,DROP!!!,0.8,TRUE,FALSE,FALSE,0.0,0.0,0.0
203,1083,00:01:04,F,LAUNCH_PAD,-0.2,24.4,101.2,4.0,0.1,-2.2,-1.2,0.1,-8.0,-5.6,-1.2,49.1,16:46:39,57.400002,33.385418,-117.495529,12,DROP!!!,0.8,TRUE,FALSE,FALSE,0.0,0.0,0.0
204,1083,00:01:05,F,LAUNCH_PAD,-0.0,24.4,101.2,3.9,0.2,0.4,-0.2,0.8,-7.9,-5.5,-1.1,48.6,16:46:40,57.400002,33.385418,-117.495529,12,DROP!!!,0.8,TRUE,FALSE,FALSE,0.0,0.0,0.0
205,1083,00:01:06,F,LAUNCH_PAD,0.1,24.4,101.2,4.0,0.1,1.4,0.0,0.3,-8.0,-5.4,-1.0,49.1,16:46:41,57.400002,33.385422,-117.495529,12,DROP!!!,0.8,TRUE,FALSE,FALSE,0.0,0.0,0.0
206,1083,00:01:07,F,LAUNCH_PAD,0.2,24.4,101.2,3.9,0.4,-1.3,-1.1,-0.2,-8.0,-5.4,-1.0,48.6,16:46:42,57.400002,33.385422,-117.495529,11,DROP!!!,0.8,TRUE,FALSE,FALSE,0.0,0.0,0.0
207,1083,00:01:08,F,LAUNCH_PAD,-0.5,24.4,101.2,4.0,0.0,0.3,-1.1,1.9,-8.0,-5.3,-0.8,48.1,16:46:43,57.400002,33.385422,-117.495529,11,DROP!!!,0.8,TRUE,FALSE,FALSE,0.0,0.0,0.0
208,1083,00:01:09,F,LAUNCH_PAD,-0.7,24.4,101.2,3.9,0.3,0.5,0.1,-0.2,-8.1,-5.3,-0.7,48.0,16:46:44,57.299999,33.385418,-117.495529,11,DROP!!!,0.8,TRUE,FALSE,FALSE,0.0,0.0,0.0
